2970 5056
535 402 756 472 ..19-

166 577 331 650 Lygdamus,
350 577 475 638 laudator
493 579 644 646 Messallae,
664 579 783 650 Sulpicia
800 579 844 635 his
863 581 956 636 formis
974 580 1173 637 abstinuerunt.

166 667 246 738 Apud
263 668 435 738 Propertium
453 667 582 738 legimus:

453 831 497 898 aa)
521 829 659 884 Formas
677 829 842 900 optimas:

263 951 292 1024 a)
310 951 345 1007 in
363 953 445 1008 arsi:
524 967 526 971 ·
695 953 722 1023 ρ)
742 953 778 1007 11
795 951 941 1009 secunda
959 954 1072 1010 thesis
1089 941 1217 1010 brevi:¹

42 1075 111 1146 Ego
133 1078 169 1131 11
463 1077 487 1142 Ι,
523 1078 549 1142 8,
567 1078 609 1132 31.
682 1076 742 1146 Ego
760 1079 789 1131 et
1057 1078 1109 1144 111,
1131 1080 1233 1145 13,11.

433 1165 486 1232 ΠΙ,
506 1167 610 1231 11,12.
683 1181 732 1234 ego
750 1167 781 1220 in
1071 1167 1108 1232 11,
1146 1169 1171 1234 8,
1208 1168 1233 1226 5.

451 1254 484 1320 V,
521 1257 547 1321 2,
583 1256 608 1310 3.
1054 1255 1109 1321 ΙΠ,
1129 1257 1171 1322 12,
1191 1257 1234 1314 31.

45 1359 102 1412 ego
124 1341 268 1412 ingredior
439 1343 487 1409 IV,
525 1345 550 1409 1,
586 1345 612 1400 3.
685 1341 737 1398 duo
755 1345 785 1398 in
1059 1344 1108 1410 IV,
1128 1347 1171 1410 10,
1190 1345 1233 1402 23.

46 1447 104 1501 ego
126 1430 246 1487 adiciam
452 1432 485 1498 V,
522 1433 547 1498 2,
565 1433 609 1488 41.
682 1447 732 1503 ego
751 1427 867 1488 odorati
1076 1433 1112 1500 V,
1146 1433 1172 1502 b,
1192 1435 1235 1493 61.

493 1589 541 1662 bb)
559 1591 669 1647 Minus
686 1590 807 1647 bonas:

47 1716 139 1772 Modo
158 1715 301 1772 Avernalis
319 1717 352 1781 V,
372 1719 397 1782 1,
414 1717 451 1772 49
471 1716 501 1772 11
519 1715 634 1771 secunda
660 1715 737 1772 brevi
755 1716 855 1782 thesis,
883 1732 933 1786 ego
951 1716 1046 1776 heroas
1063 1715 1112 1784 IV,
1139 1718 1182 1784 10,
1200 1717 1235 1776 av

48 1825 81 1861 m
103 1823 171 1862 arsa.

168 1895 208 1949 Ex
225 1893 349 1948 omnibus
367 1891 458 1948 eodem
486 1892 564 1949 modo
582 1896 615 1948 ut
641 1893 715 1963 prius
742 1892 956 1960 iudicandumst,
983 1893 1154 1964 Propertium
1171 1909 1235 1964 prae

50 1986 158 2040 ceteris
175 1983 291 2038 liberum
317 1999 345 2037 ss
371 1983 485 2051 gessisse
512 1983 541 2036 in
566 1981 744 2036 admittendis
771 1983 955 2052 synaloephis,
984 1981 1154 2053 Lygdamum
1172 1995 1235 2052 prae

52 2076 158 2128 ceteris
177 2073 311 2126 excellere.
347 2063 478 2126 Attamen
496 2087 594 2142 pauca,
623 2087 690 2141 qnae
714 2071 839 2128 Tibullus
862 2075 969 2141 praeter
992 2072 1145 2141 regularum
1165 2071 1235 2128 ordi·

51 2178 121 2216 nem
140 2159 260 2226 admisit,
279 2160 451 2215 excusatione
464 2159 548 2228 digna
566 2160 750 2225 invenientur,
769 2164 802 2214 11
816 2164 911 2230 postea
928 2162 958 2216 in
976 2163 1065 2231 capite
1077 2159 1110 2214 de
1123 2159 1235 2216 duarum

52 2249 283 2320 synaloepharum
302 2248 423 2304 versibus
442 2247 691 2304 demonstrabimus.
729 2248 782 2304 Sed
800 2248 832 2304 de
851 2249 894 2304 his
918 2250 973 2305 iam
991 2251 1060 2304 satis
1078 2247 1190 2304 dictum.

125 2515 170 2582 Β.
214 2515 392 2584 Elisiones
414 2514 591 2583 vocalium
614 2514 812 2584 mediarum
835 2531 896 2582 seu
918 2529 1044 2582 vocum
1066 2513 1105 2582 in
1128 2532 1164 2583 m

519 2621 769 2689 desinentium.

168 2798 294 2869 Syllabas
312 2799 341 2853 in
359 2814 389 2852 m
408 2801 543 2864 exeuntes,
567 2814 729 2869 quamquam
756 2814 811 2853 non
838 2797 930 2853 eodem
957 2797 1035 2853 modo
1063 2800 1092 2854 11
1119 2797 1178 2854 iura
1204 2813 1235 2852 ac

55 2887 181 2959 syllabae
199 2889 229 2943 in
248 2887 366 2942 vocalem
384 2890 511 2942 exeuntes
529 2888 656 2942 ultimam
674 2888 791 2942 vocalem
811 2887 915 2942 abicere
933 2891 1054 2958 possunt,
1073 2887 1137 2960 quia
1155 2887 1235 2942 semi-

55 2979 161 3033 vocalis
180 2995 247 3048 quae
266 2981 377 3032 vocatur
395 2993 424 3031 m
442 2976 559 3032 medium
577 2977 664 3032 locum
683 2980 768 3042 11111,
786 2981 886 3042 tamen,
915 2979 939 3032 si
958 2978 1054 3046 eligius
1079 2976 1111 3031 de
1138 2975 1235 3047 quibus

55 3071 209 3123 tractamus
227 3068 409 3136 inspiciamus,
427 3083 481 3122 non
498 3067 588 3121 minus
606 3083 692 3136 saepe,
716 3083 796 3136 quam
815 3067 935 3136 syllabae
959 3067 989 3121 in
1007 3081 1026 3121 a
1044 3069 1172 3122 exeuntes
1189 3082 1235 3136 pes

54 3155 169 3210 modum
196 3155 374 3225 synaloephae
401 3170 462 3210 eum
489 3155 613 3224 sequenti
640 3155 725 3210 vocali
753 3155 912 3209 coalescunt.
948 3155 1019 3208 Nam
1047 3157 1072 3210 si
1095 3171 1235 3210 numerum

54 3247 171 3299 tantum
189 3244 411 3314 synaloepharum
434 3243 514 3296 huius
542 3242 643 3297 ordinis
669 3243 838 3312 inspicimus,
866 3243 1018 3298 invenimus
1045 3244 1150 3312 viginti
1175 3247 1234 3298 octo

55 3331 133 3403 apud
151 3333 296 3398 Tibullum,
315 3331 386 3402 apud
403 3331 573 3402 Lygdamum
591 3348 644 3397 sex,
663 3335 723 3388 octo
741 3333 771 3385 in
789 3330 869 3386 laude
887 3331 1038 3396 Messallae,
1064 3349 1146 3388 unam
1164 3331 1235 3400 apud

56 3423 216 3491 Sulpiciam,
235 3421 364 3476 ducentas
388 3421 507 3489 triginta
531 3423 660 3491 quattuor
684 3420 755 3490 apud
772 3421 951 3490 Propertium.
988 3420 1028 3478 Ut
1045 3423 1138 3476 tamen
1157 3421 1234 3476 elisio

55 3513 134 3569 inter
160 3513 276 3581 optimas
300 3513 462 3573 numeretur,
490 3526 603 3580 sequens
622 3526 672 3564 vox
699 3510 787 3564 brevis
814 3510 852 3564 sit
870 3512 984 3580 opertet,
1007 3511 1049 3566 ita
1066 3513 1099 3566 ut
1117 3510 1234 3580 optimus

56 3601 173 3672 quisque
191 3600 326 3668 longiores
344 3615 420 3654 voces
437 3601 499 3668 post
518 3599 643 3654 elisiones
661 3599 731 3655 tales
744 3599 847 3653 evitare
866 3599 1009 3656 studuerit.
1033 3599 1073 3654 Ut
1090 3601 1118 3654 in
1137 3615 1235 3668 genere

55 3691 110 3746 hoc
129 3705 231 3758 quoquc
249 3704 410 3752 moneamus,
439 3687 515 3744 nulla
542 3689 613 3744 vocis
640 3687 745 3744 mediae
769 3687 846 3744 elisio
871 3688 988 3744 inveniri
1006 3691 1098 3758 potest
1117 3687 1235 3744 admissa

55 3780 88 3832 in
107 3777 222 3832 secunda
240 3777 326 3833 thesis
343 3777 428 3842 brevi,
447 3777 477 3830 in
495 3777 592 3830 ceteris
609 3775 703 3830 formis
722 3776 848 3830 elisiones
866 3775 1020 3848 frequenter
1037 3777 1214 3847 reperiuntur.

168 3900 291 3957 Tibullus
308 3901 358 3956 has
375 3901 460 3957 habet
481 3900 594 3957 formas:

264 4027 292 4096 α)
311 4028 345 4083 11
363 4027 445 4083 arsi:
780 4027 806 4097 β)
825 4027 860 4082 in
878 4027 980 4100 longa
998 4028 1105 4086 thesi:

58 4135 191 4190 Venerem
210 4149 225 4188 1
463 4134 487 4199 1,
523 4135 549 4198 2,
567 4132 610 4188 40.
683 4131 803 4188 Tandem
824 4133 859 4188 ad
1089 4135 1127 4201 II,
1146 4136 1172 4202 5,
1190 4137 1234 4194 46.

59 4224 188 4278 offensum
206 4221 236 4276 iu
520 4223 546 4288 3,
566 4224 609 4278 20.
683 4220 834 4277 rediturum
852 4222 888 4278 ad
1144 4226 1170 4290 6,
1191 4227 1234 4298 13,

60 4315 202 4374 venturam
220 4310 353 4368 admittat
520 4311 547 4378 4,
565 4311 608 4370 41
683 4311 781 4370 Tecum
800 4312 963 4383 interposita
1104 4312 1127 4378 1,
1147 4315 1172 4379 9,
1190 4314 1233 4371 bb.

59 4417 132 4462 eram
150 4403 180 4456 et
524 4400 550 4467 b,
588 4403 611 4462 1.

971 4489 1020 4558 2*
