2970 5056
538 415 760 480 „41..

72 591 157 658 gantis
175 591 267 644 abesse
289 593 381 660 potest
398 590 620 654 trithemimeris,
639 606 698 643 oum
716 590 746 643 in
764 590 849 643 tertia
867 591 922 644 arsi
946 590 1078 644 orationis
1101 607 1162 660 pars
1180 592 1234 647 erit

72 681 148 733 finita.
184 680 242 733 Hac
260 681 352 733 autem
371 677 421 732 sub
444 678 598 732 conditione
619 679 873 748 hephthemimerim
892 679 947 733 iere
965 680 1087 748 optinere
1105 683 1233 747 serumst,

73 769 166 838 sipost
183 771 306 838 quartam
325 769 407 821 arsim
426 784 484 821 eum
502 767 582 821 verbo
600 769 713 821 finiatur
725 767 870 833 sententia,
889 769 964 838 quali
976 768 1060 822 hahes
1071 772 1158 823 metro
1170 770 1233 824 hoc:

170 857 264 912 Oscula
282 857 383 910 libavit
402 859 491 920 natae,
513 855 609 910 dehinc
627 857 696 910 talia
714 857 813 912 fatur“.

170 946 229 1000 Jam
247 947 345 999 finitur
362 947 499 999 sententia
517 961 570 998 non
588 945 674 999 solum
692 951 757 1002 ante
782 922 924 1013 maiorem,
952 964 1021 1019 quae
1039 951 1164 1012 vocatur,
1191 949 1234 1003 in·

74 1036 283 1104 terpunctionem,
303 1038 337 1088 nt
353 1035 403 1088 hoc
421 1050 513 1088 111111

169 1123 244 1178 Nunc
263 1122 425 1176 desiderium
443 1127 576 1191 superest:
595 1139 659 1178 uam
671 1139 733 1178 eura
751 1128 882 1190 novatum

75 1216 188 1270 velante
203 1217 342 1279 minorem,
361 1218 393 1269 ut
411 1215 454 1268 his
473 1212 608 1267 versibus:

220 1305 276 1360 Nec
294 1306 363 1358 sinit
381 1306 500 1358 occurrat
519 1303 667 1373 qnisquam,
687 1303 734 1374 qui
753 1318 860 1372 corpora
877 1303 956 1358 ferro.

219 1393 281 1447 Non
300 1409 350 1461 ego
368 1392 473 1446 laudari
492 1408 561 1456 euro,
580 1407 640 1444 mea
657 1391 746 1457 Delia,
765 1394 853 1446 tecum
859 1414 867 1456 ;

77 1481 206 1537 sedetiam
223 1487 287 1537 ante
306 1483 388 1536 aliam
401 1482 555 1536 sententiae
572 1483 678 1549 partem
690 1497 737 1550 per
749 1482 949 1536 coniunctiones
967 1484 1005 1546 et,
1024 1498 1082 1552 que,
1102 1499 1158 1546 uec,
1177 1498 1233 1548 sen,

77 1572 121 1624 sim
138 1573 309 1635 coniunctam,
327 1574 360 1624 ut
378 1571 422 1625 his
441 1569 576 1624 versibus:
1070 1623 1073 1630 ⁴

222 1661 304 1715 Ferte
322 1677 369 1729 per
387 1663 522 1714 extremas
540 1661 636 1726 gentes
653 1659 675 1726 ll
692 1661 721 1712 et
739 1657 808 1712 ferte
826 1675 873 1728 per
891 1658 985 1714 undas.
1072 1703 1077 1716 ,

220 1750 283 1804 Jam
301 1749 428 1818 subrepet
446 1750 517 1802 iners
536 1751 612 1802 aetas
629 1749 651 1815 ll
668 1763 716 1802 nec
734 1763 825 1802 amare
843 1748 946 1802 licebit.
1049 1737 1066 1764 ⁸

220 1839 325 1893 Atros
344 1839 439 1907 exigno
457 1838 546 1908 pecori
564 1840 585 1906 ll
603 1837 727 1908 furesque
745 1837 865 1908 lupique.

169 1928 328 1998 Saepissime
353 1943 416 1980 vero
440 1926 522 1980 verba
545 1924 598 1979 duo
616 1926 715 1980 ultima
739 1929 804 1980 anto
830 1943 964 1980 caesuram
992 1928 1082 1998 posita
1107 1927 1180 1982 iuter
1205 1944 1233 1982 se

78 2015 204 2071 cohaerent
221 2017 312 2071 eodem
324 2033 394 2070 casu.
413 2015 486 2069 Haec
498 2015 592 2083 regula
610 2015 695 2068 etiam
713 2014 749 2068 ad
760 2014 898 2069 attributa
910 2017 939 2069 et
951 2011 1133 2086 appositiones
1145 2019 1233 2071 11111-

78 2103 126 2158 late
142 2106 254 2160 valorem
273 2105 385 2175 recipit,
405 2105 446 2158 ita
463 2107 496 2157 nt
514 2104 538 2157 si
556 2104 692 2174 appositio
710 2120 815 2159 versum
834 2104 974 2175 compleat,
993 2104 1233 2176 hephthemimeris

78 2194 184 2261 ponenda
201 2197 247 2259 sit,
266 2198 299 2248 ut
317 2195 367 2248 hoe
385 2194 534 2247 schemate:
634 2181 639 2190 ’

169 2283 243 2337 Hunc
262 2283 314 2337 duo
333 2284 432 2337 sectati
450 2281 548 2335 fratres
566 2281 587 2348 ll
603 2280 750 2351 Aquilonia
769 2282 871 2352 proles;

79 2371 211 2426 1111111111
239 2374 373 2444 appositio
394 2388 448 2425 uon
467 2371 599 2441 compleat
627 2388 745 2435 versum,
772 2371 879 2442 saepius
905 2372 1125 2442 penthemimeris
1153 2387 1232 2442 quam

78 2458 298 2530 hephthemimeris
317 2461 456 2528 seligatur.
488 2459 532 2513 Sic
549 2460 788 2530 hephthemimeris
806 2464 923 2530 ponatur
942 2461 991 2515 hoe
1010 2477 1103 2516 versu:

220 2552 261 2605 Τιι
280 2551 346 2604 licet
363 2549 499 2620 Antiopae
517 2548 630 2603 formam
648 2551 670 2618 sl
687 2549 834 2618 Nycteidos
852 2553 881 2603 et
899 2553 946 2615 tu;

80 2639 279 2703 penthemimeris
297 2656 359 2692 vero
376 2639 474 2692 melius
492 2642 608 2708 ponetur
625 2639 675 2693 hoc
693 2638 843 2692 schemate:

217 2728 270 2783 Sed
288 2728 376 2781 droles
395 2727 511 2781 Semeles
528 2728 551 2795 ll
568 2727 688 2781 Bacchus
710 2727 856 2798 doctaeque
874 2743 983 2782 sorores.

80 2811 183 2885 Denique
201 2819 284 2871 etiam
303 2817 333 2870 in
351 2817 508 2879 contrariis,
533 2833 602 2886 quae
624 2816 702 2870 modo
725 2819 781 2871 iam
799 2818 920 2888 exposito
945 2817 1129 2888 proferuntur,
1154 2817 1233 2870 somi-

80 2907 213 2972 septenaria
232 2905 397 2975 ponendast:

218 2996 273 3049 Vos
291 3011 395 3066 quoque
414 2993 500 3048 felicis
519 2994 652 3064 quondam
670 2995 692 3062 ll
709 3011 780 3049 nune
797 2995 923 3066 pauperis
941 2995 1009 3064 agri.

168 3085 191 3138 8.
211 3085 324 3138 Praeter
342 3083 417 3148 duas,
436 3101 503 3154 quas
520 3083 598 3138 modo
617 3084 793 3155 exposuimus,
811 3085 919 3153 regulas
931 3085 1048 3139 minores
1066 3083 1232 3140 subtiliores-

80 3183 120 3236 que
136 3174 275 3228 nonnullae
295 3172 359 3226 addi
376 3177 496 3243 possunt.

114 3259 138 3327 a)
171 3261 199 3315 Si
217 3262 327 3316 verbum
346 3263 514 3332 inpersouale
527 3263 617 3332 piget,
637 3260 737 3326 taedet,
757 3263 843 3326 iuvat,
859 3262 919 3316 sim.
938 3262 993 3316 alia
1006 3279 1069 3317 voce
1081 3279 1134 3317 uon
1147 3264 1232 3318 iuter·

168 3352 256 3414 missa‚
285 3353 348 3420 post
375 3366 510 3404 caesuram
535 3351 755 3420 semiquinariam
782 3351 892 3419 legitur,
920 3367 1028 3406 caesura
1046 3353 1076 3406 in
1100 3352 1232 3423 hephthe-

168 3441 301 3494 mimerim
318 3441 447 3494 mutetur.
467 3439 551 3510 Saepe
569 3441 624 3493 iam
643 3457 674 3494 er
687 3455 778 3492 versus
796 3438 892 3503 indole,
911 3439 959 3493 ubi
977 3441 1041 3511 poni
1059 3439 1157 3496 debeat
1174 3457 1232 3496 cae·

169 3545 228 3582 sura
246 3527 404 3582 concludere
421 3544 576 3598 possumus;
595 3531 637 3582 est
655 3528 702 3582 ubi
720 3528 809 3582 minus
828 3530 892 3582 aute
911 3529 999 3584 oeulos
1018 3531 1143 3600 ponatur.
1163 3529 1232 3588 Con·

168 3615 236 3671 feras
253 3618 303 3671 hos
321 3633 425 3671 versus:

217 3706 274 3760 Nec
291 3709 385 3759 tamen
403 3704 539 3760 interdum
558 3705 659 3776 pudeat
675 3706 697 3773 ll
714 3705 834 3759 tenuisse
852 3704 985 3760 bidentes.

217 3795 279 3848 Non
298 3811 432 3862 agnamve
450 3795 512 3848 sinu
530 3795 626 3865 pigeat
643 3796 665 3862 ll
683 3794 803 3848 fetumve
822 3795 947 3864 capellae.

219 3883 272 3938 Sed
290 3887 383 3937 tamen
401 3887 433 3938 ut
452 3887 540 3937 1111111
559 3885 641 3937 liceat
659 3885 681 3952 ll
699 3883 837 3947 Cerinthe,
856 3884 958 3952 vagari.

166 3969 237 4025 Haeo
255 3974 348 4025 autem
366 3972 460 4040 regula
472 3973 501 4026 in
520 3973 577 4026 illis
595 3973 716 4026 versibus
734 3989 788 4026 non
807 3975 849 4026 est
867 3971 1028 4038 adhibenda,
1046 3975 1094 4030 nbi
1112 3977 1167 4031 iam
1185 3993 1232 4046 per

166 4060 409 4130 interpunctionem
428 4063 485 4114 sire
498 4061 552 4115 alio
564 4059 641 4114 modo
654 4061 874 4130 penthemimeris
892 4062 1016 4132 positast,
1034 4067 1067 4119 ut
1078 4065 1128 4120 hoo
1141 4081 1231 4121 versu:

216 4149 290 4203 Haec
303 4149 352 4202 alii
365 4151 483 4217 cupiant,
501 4151 523 4218 ss
541 4151 623 4203 liceat
641 4150 710 4203 mihi
722 4167 838 4219 paupere
851 4151 934 4206 cultu.

216 4239 300 4293 Nhlla
313 4242 405 4292 tamen
417 4239 495 4292 modo
514 4238 549 4292 11
567 4242 657 4293 cetera
670 4239 751 4292 verba
769 4240 864 4308 regula
882 4241 1024 4296 transferri
1042 4241 1130 4304 dehet,
1149 4256 1230 4310 quum

166 4329 253 4382 cetera
272 4327 366 4391 verba,
394 4329 534 4396 praecipue
562 4343 700 4396 possum
728 4330 756 4381 et
780 4345 913 4398 prosum
932 4346 1035 4399 semper
1052 4328 1087 4384 ad
1104 4328 1230 4386 ultimam

166 4432 255 4470 versus
277 4420 383 4486 partem
395 4417 559 4485 pertineant.
579 4416 728 4470 Secundum
746 4416 814 4471 hano
826 4419 948 4487 regulam
961 4418 1071 4472 definire
1083 4433 1230 4486 possumus,

165 4503 212 4559 ubi
229 4505 259 4560 in
277 4505 320 4559 his
339 4504 459 4560 versibus
477 4520 586 4560 caesura
603 4507 667 4574 poni
686 4505 796 4561 debeat:
