2970 5056
728 377 950 443 ..16-

253 551 389 608 51151515
696 553 739 617 20,
758 553 801 608 39.
874 553 961 608 multa
980 554 1009 606 et
1321 553 1367 617 22,
1400 553 1423 607 8.

253 657 401 711 compressa
420 643 449 696 et
697 642 739 705 22,
759 643 802 697 28.
874 659 928 698 555
947 644 1014 710 aget
1323 642 1368 706 22,
1387 644 1423 696 10.

253 732 339 786 maria
358 730 416 785 5115
698 732 742 795 22,
760 731 803 785 32.
875 732 926 786 1115
944 730 1072 799 adoperta
1321 731 1368 795 25,
1387 735 1423 785 11.

254 820 340 874 ferma
359 822 498 873 aeternum
699 821 803 883 26,11.
875 820 1073 890 Polydamanta
1101 820 1130 873 et
1254 819 1304 884 IV,
1344 821 1367 883 1,
1386 821 1423 874 29.

254 909 304 962 1115
322 911 351 962 51
699 909 742 972 32,
762 910 805 962 11.
876 914 951 965 reeta
969 908 1054 963 animi
1341 909 1423 972 4,10.

254 997 313 1052 fata
332 997 509 1068 Amphiareae
695 997 739 1064 32,
758 998 800 1052 33.
874 1014 959 1069 poena
983 995 1214 1052 Athamantiadae

424 1085 483 1156 (nbi
501 1086 551 1140 alii
569 1086 670 1154 aliter).
1254 1083 1303 1150 IV,
1341 1086 1367 1150 6,
1385 1086 1423 1140 22.

254 1175 366 1232 Camera
384 1177 494 1230 auratas
649 1175 697 1241 IV,
717 1175 742 1241 1,
762 1177 806 1231 50.
877 1175 988 1247 lympha
1006 1174 1113 1230 Aniena
1323 1175 1368 1240 15,
1401 1176 1424 1230 A

255 1265 333 1336 siqua
351 1282 380 1320 ea
720 1266 745 1329 1,
764 1263 807 1318 55.
879 1268 957 1320 vecta
974 1263 1096 1318 Ariadna
1324 1265 1368 1328 16,
1402 1265 1425 1318 8.

420 1353 479 1421 (551
502 1353 537 1410 al.
557 1352 682 1423 siquast.)

254 1443 363 1498 flamma
381 1445 430 1496 aut
719 1444 744 1507 1,
763 1443 806 1497 61,
887 1425 915 1491 d)
934 1425 968 1482 in
986 1421 1131 1478 secunda
1148 1422 1258 1478 thesis
1274 1422 1386 1478 brevi.

255 1533 342 1602 prima
360 1530 456 1585 infelix
718 1531 745 1596 4,
784 1531 807 1585 7.
879 1530 973 1586 Sidera
992 1533 1021 1585 51
1280 1530 1304 1595 Ι,
1342 1532 1368 1596 1,
1387 1533 1425 1586 23.

257 1621 369 1676 1151515
718 1620 744 1684 4,
762 1619 805 1674 45.
877 1619 998 1690 Cynthia
1017 1622 1045 1674 et
1342 1622 1426 1684 6,16.

256 1711 343 1780 spolia
361 1727 393 1764 er
718 1710 743 1774 6,
764 1709 805 1764 14.
877 1708 997 1779 Cynthia
1015 1723 1103 1762 amore
1324 1710 1368 1769 12,
1378 1710 1394 1763 2
1402 1709 1427 1776 ¹).

256 1799 358 1854 iudicia
376 1801 405 1853 et
716 1800 742 1862 8,
761 1799 804 1853 32.
876 1797 996 1867 Cynthia
1015 1801 1044 1852 et
1326 1797 1369 1862 15,
1389 1799 1427 1852 26.

256 1889 342 1958 apelia
361 1891 390 1942 et
702 1889 743 1951 10,
763 1889 805 1942 59.
878 1887 968 1941 555515
986 1890 1015 1940 51
1323 1887 1368 1950 20,
1388 1887 1427 1940 28.

257 1992 350 2030 caussa
369 1979 398 2030 et
701 1976 743 2038 12,
779 1977 804 2029 3.
876 1975 991 2029 Brachia
1010 1979 1039 2030 51
1266 1975 1304 2040 Il,
1342 1977 1368 2038 1,
1390 1975 1427 2029 70.

256 2067 380 2118 matrona
398 2062 501 2117 incedit
702 2065 744 2127 12,
765 2065 807 2118 11.
878 2064 967 2133 gloria
985 2063 1019 2118 ad
1342 2063 1427 2128 7,18.
1468 2055 1469 2144 1

257 2154 364 2207 Ρ55555
382 2151 517 2222 Amphion
701 2153 743 2217 14,
762 2153 805 2208 42.
878 2153 959 2208 15555
978 2156 1072 2222 aperta
1340 2154 1366 2216 9,
1387 2153 1426 2206 42.
1469 2190 1470 2268 1

257 2241 346 2296 media
364 2244 394 2295 et
701 2242 744 2306 15,
782 2244 805 2296 1.
878 2241 999 2297 Candida
1018 2246 1047 2297 51
1251 2241 1303 2305 ΙΠ,
1342 2241 1367 2304 7,
1405 2243 1426 2294 1.
1469 2269 1470 2276 .

257 2332 347 2401 spatia
365 2346 495 2385 annorum
702 2332 745 2396 21,
764 2331 808 2385 31.
880 2330 978 2386 Omnia
996 2330 1031 2385 ab
1251 2330 1366 2396 111,12,
1389 2331 1426 2384 16.
1470 2325 1471 2408 1

257 2420 365 2476 5151515
384 2424 412 2474 51
701 2421 744 2484 22,
781 2421 806 2474 9.
877 2435 976 2473 cernua
995 2423 1024 2474 et
1323 2420 1364 2483 12,
1387 2420 1426 2473 20.
1471 2462 1472 2526 1

258 2508 374 2578 Ortygia
392 2511 422 2562 et
699 2510 742 2573 22,
762 2507 804 2562 15.
877 2509 982 2563 caerula
1001 2508 1036 2561 ad
1322 2509 1365 2572 25,
1404 2509 1426 2561 6.

259 2600 357 2652 natura
375 2597 420 2650 hie
634 2597 685 2661 IV,
701 2599 744 2660 22,
764 2599 806 2652 18.
878 2598 971 2651 tristia
991 2597 1024 2652 ad
1322 2597 1365 2661 32,
1404 2599 1424 2650 6.

259 2685 364 2740 exclusa
382 2687 463 2754 inque
701 2685 805 2750 2515.
878 2685 1152 2757 PergamaApollinis
1265 2686 1313 2751 IV,
1341 2687 1365 2750 8,
1386 2687 1426 2740 39.

258 2774 336 2829 Folia
355 2791 387 2829 ex
647 2774 680 2839 V,
719 2778 742 2839 l,
762 2776 804 2830 32.
877 2777 983 2830 moenia
1001 2779 1031 2830 51
1069 2837 1071 2842 .
1323 2776 1365 2836 10,
1385 2775 1425 2828 32.

259 2865 336 2933 51555
355 2864 459 2918 ineerta
719 2865 744 2928 3,
781 2862 806 2917 5.
878 2866 959 2919 noxia
977 2863 1139 2920 Alexandria
1324 2865 1366 2928 10,
1385 2863 1425 2916 33.

260 2953 342 3022 Tyria
361 2953 390 3007 in
719 2954 744 3017 3,
763 2952 806 3007 34.
879 2953 976 3009 Omina
995 2957 1024 3008 51
1270 2953 1304 3018 V,
1343 2956 1367 3017 1,
1386 2953 1425 3007 88.

259 3042 309 3096 illa
327 3041 470 3095 inmeritae
718 3042 806 3106 4,.23
878 3042 986 3097 vincula
1004 3046 1033 3097 et
1341 3043 1365 3106 5,
1386 3043 1425 3096 72.

259 3147 324 3185 aava
343 3133 371 3184 et
719 3132 744 3194 8,
764 3130 805 3186 50.
878 3148 967 3186 annua
986 3134 1015 3186 51
1340 3133 1366 3196 8,
1402 3131 1425 3184 8.

258 3235 318 3274 mea
335 3219 364 3272 in
720 3218 744 3282 7,
763 3218 806 3273 50.

258 3308 330 3363 levia
348 3306 382 3361 ad
717 3307 743 3371 8,
762 3306 805 3362 50.

258 3396 394 3452 51151551
718 3396 805 3460 1148.

259 3486 344 3556 apelia
362 3502 394 3540 ex
703 3486 744 3548 10,
763 3488 806 3540 11.

260 3575 345 3645 spolia
363 3576 392 3629 in
702 3576 745 3638 10,
762 3575 806 3628 45.

260 3662 369 3718 defensa
388 3667 417 3718 51
701 3665 743 3726 11,
764 3662 805 3716 58.

260 3769 322 3808 eura
341 3756 370 3807 51
702 3753 744 3815 11,
765 3752 806 3806 74.

260 3845 353 3897 nestra
371 3840 405 3896 ad
703 3842 745 3903 11,
764 3843 807 3896 83.

421 3930 525 4001 quibua,
544 3946 578 3984 ne
597 3945 664 3999 quae
682 3930 893 3999 praetermisisse
912 3930 1058 3998 videamur,
1077 3931 1220 3989 addamus:

260 4020 310 4076 dea
329 4036 357 4075 55
370 4020 422 4086 ΙΠ,
440 4021 484 4084 31,
505 4019 547 4074 14.
565 4019 613 4082 IV,
633 4019 675 4082 24,
696 4021 737 4073 10.
756 4018 871 4074 formosa
890 4036 917 4074 es
938 4020 989 4085 III,
1008 4021 1051 4085 31,
1070 4023 1113 4077 36.

421 4124 582 4179 quamquam
600 4108 650 4162 hoe
668 4108 725 4162 loeo
750 4108 823 4162 nullo
842 4109 899 4163 iure
918 4108 1097 4178 adponuntur,
1117 4110 1259 4182 quodiam
1278 4110 1365 4166 furius
1384 4112 1426 4168 de·

261 4199 424 4254 monstravit
442 4197 472 4252 L.
492 4197 636 4251 Muellerus
655 4196 688 4251 de
706 4214 734 4252 re
752 4198 864 4252 metrica
882 4215 908 4268 p.
927 4199 987 4253 303.

368 4395 390 4450 1)
403 4393 449 4437 Alil
463 4393 559 4438 leriam
573 4393 663 4436 naum:
678 4392 770 4436 conseia
784 4393 858 4437 Rama.
