<?xml version="1.0" encoding="UTF-8"?>
<!DOCTYPE html PUBLIC "-//W3C//DTD XHTML 1.0 Transitional//EN"
    "http://www.w3.org/TR/xhtml1/DTD/xhtml1-transitional.dtd">
<html xmlns="http://www.w3.org/1999/xhtml" xml:lang="en" lang="en">
 <head>
  <title>
</title>
<meta http-equiv="Content-Type" content="text/html;charset=utf-8" />
  <meta name='ocr-system' content='tesseract 3.04.00' />
  <meta name='ocr-capabilities' content='ocr_page ocr_carea ocr_par ocr_line ocrx_word'/>
</head>
<body>
  <div class='ocr_page' id='page_1' title='image "./demetricisinter00engbgoog_0054.png"; bbox 0 0 2970 5056; ppageno 0'>
   <div class='ocr_carea' id='block_1_1' title="bbox 535 427 757 494">
    <p class='ocr_par' dir='ltr' id='par_1_1' title="bbox 535 427 757 494">
     <span class='ocr_line' id='line_1_1' title="bbox 535 427 757 494; baseline -0.005 -18"><span class='ocrx_word' id='word_1_1' title='bbox 535 427 757 494; x_wconf 72' lang='lat'>-51..</span> 
     </span>
    </p>
   </div>
   <div class='ocr_carea' id='block_1_2' title="bbox 8 602 1241 4426">
    <p class='ocr_par' dir='ltr' id='par_1_2' title="bbox 8 602 1241 4426">
     <span class='ocr_line' id='line_1_2' title="bbox 166 602 1232 675; baseline -0.001 -15"><span class='ocrx_word' id='word_1_2' title='bbox 166 605 194 675; x_wconf 78' lang='grc' dir='ltr'><strong>δ)</strong></span> <span class='ocrx_word' id='word_1_3' title='bbox 218 605 332 660; x_wconf 75' lang='lat' dir='ltr'>Praeter</span> <span class='ocrx_word' id='word_1_4' title='bbox 350 604 399 659; x_wconf 91' lang='lat' dir='ltr'><strong>has</strong></span> <span class='ocrx_word' id='word_1_5' title='bbox 417 603 517 658; x_wconf 80' lang='lat' dir='ltr'><strong>formas</strong></span> <span class='ocrx_word' id='word_1_6' title='bbox 535 604 672 672; x_wconf 80' lang='lat' dir='ltr'>regulares</span> <span class='ocrx_word' id='word_1_7' title='bbox 690 607 746 659; x_wconf 91' lang='lat' dir='ltr'><strong>tres</strong></span> <span class='ocrx_word' id='word_1_8' title='bbox 765 619 856 659; x_wconf 88' lang='lat' dir='ltr'><strong>versus</strong></span> <span class='ocrx_word' id='word_1_9' title='bbox 879 602 950 674; x_wconf 85' lang='lat' dir='ltr'><strong>apud</strong></span> <span class='ocrx_word' id='word_1_10' title='bbox 967 603 1138 673; x_wconf 72' lang='lat' dir='ltr'><strong>Propertium</strong></span> <span class='ocrx_word' id='word_1_11' title='bbox 1156 605 1232 659; x_wconf 90' lang='lat' dir='ltr'><strong>inve·</strong></span> 
     </span>
     <span class='ocr_line' id='line_1_3' title="bbox 165 693 1230 764; baseline -0.002 -15"><span class='ocrx_word' id='word_1_12' title='bbox 165 695 297 759; x_wconf 87' lang='lat' dir='ltr'><strong>uiuntnr,</strong></span> <span class='ocrx_word' id='word_1_13' title='bbox 332 695 379 764; x_wconf 93' lang='lat' dir='ltr'><strong>qui</strong></span> <span class='ocrx_word' id='word_1_14' title='bbox 414 693 608 763; x_wconf 85' lang='lat' dir='ltr'><strong>quodammodo</strong></span> <span class='ocrx_word' id='word_1_15' title='bbox 644 693 679 748; x_wconf 93' lang='lat' dir='ltr'><strong>ad</strong></span> <span class='ocrx_word' id='word_1_16' title='bbox 706 694 819 748; x_wconf 75' lang='lat' dir='ltr'><strong>tertiam</strong></span> <span class='ocrx_word' id='word_1_17' title='bbox 846 694 967 762; x_wconf 88' lang='lat' dir='ltr'><strong>regulam</strong></span> <span class='ocrx_word' id='word_1_18' title='bbox 998 693 1147 762; x_wconf 91' lang='lat' dir='ltr'><strong>pertinent,</strong></span> <span class='ocrx_word' id='word_1_19' title='bbox 1185 693 1230 764; x_wconf 90' lang='lat' dir='ltr'><strong>qni</strong></span> 
     </span>
     <span class='ocr_line' id='line_1_4' title="bbox 166 782 1232 854; baseline -0.001 -16"><span class='ocrx_word' id='word_1_20' title='bbox 166 800 228 838; x_wconf 91' lang='lat' dir='ltr'><strong>vero</strong></span> <span class='ocrx_word' id='word_1_21' title='bbox 260 786 369 854; x_wconf 89' lang='lat' dir='ltr'><strong>propter</strong></span> <span class='ocrx_word' id='word_1_22' title='bbox 395 798 501 836; x_wconf 76' lang='lat' dir='ltr'><strong>caussas</strong></span> <span class='ocrx_word' id='word_1_23' title='bbox 527 783 601 852; x_wconf 91' lang='lat' dir='ltr'><strong>prius</strong></span> <span class='ocrx_word' id='word_1_24' title='bbox 628 783 762 852; x_wconf 77' lang='lat' dir='ltr'><strong>expositas</strong></span> <span class='ocrx_word' id='word_1_25' title='bbox 788 797 835 852; x_wconf 90' lang='lat' dir='ltr'><strong>pro</strong></span> <span class='ocrx_word' id='word_1_26' title='bbox 871 784 961 836; x_wconf 90' lang='lat' dir='ltr'><strong>minus</strong></span> <span class='ocrx_word' id='word_1_27' title='bbox 996 782 1100 836; x_wconf 90' lang='lat' dir='ltr'><strong>limatis</strong></span> <span class='ocrx_word' id='word_1_28' title='bbox 1138 782 1232 837; x_wconf 89' lang='lat' dir='ltr'><strong>haberi</strong></span> 
     </span>
     <span class='ocr_line' id='line_1_5' title="bbox 167 871 281 927; baseline -0.009 0"><span class='ocrx_word' id='word_1_29' title='bbox 167 871 281 927; x_wconf 82' lang='lat' dir='ltr'><strong>debent:</strong></span> 
     </span>
     <span class='ocr_line' id='line_1_6' title="bbox 96 955 1195 1032; baseline 0.001 -16"><span class='ocrx_word' id='word_1_30' title='bbox 96 961 238 1027; x_wconf 81' lang='lat' dir='ltr'><strong>Avaleat,</strong></span> <span class='ocrx_word' id='word_1_31' title='bbox 257 961 396 1016; x_wconf 91' lang='lat' dir='ltr'><strong>Phoebum</strong></span> <span class='ocrx_word' id='word_1_32' title='bbox 414 963 574 1032; x_wconf 89' lang='lat' dir='ltr'><strong>quicumque</strong></span> <span class='ocrx_word' id='word_1_33' title='bbox 597 955 805 1016; x_wconf 69' lang='lat' dir='ltr'><strong>miraturin</strong></span> <span class='ocrx_word' id='word_1_34' title='bbox 824 962 935 1017; x_wconf 88' lang='lat' dir='ltr'><strong>armis.</strong></span> <span class='ocrx_word' id='word_1_35' title='bbox 1024 961 1072 1028; x_wconf 86' lang='lat' dir='ltr'><strong>IV,</strong></span> <span class='ocrx_word' id='word_1_36' title='bbox 1110 964 1134 1026; x_wconf 88' lang='lat'><strong>1,</strong></span> <span class='ocrx_word' id='word_1_37' title='bbox 1170 962 1195 1018; x_wconf 92' lang='grc'><strong>7.</strong></span> 
     </span>
     <span class='ocr_line' id='line_1_7' title="bbox 96 1050 1196 1120; baseline -0.001 -14"><span class='ocrx_word' id='word_1_38' title='bbox 96 1051 168 1106; x_wconf 88' lang='lat' dir='ltr'><strong>Haec</strong></span> <span class='ocrx_word' id='word_1_39' title='bbox 186 1068 237 1120; x_wconf 87' lang='lat' dir='ltr'><strong>ego</strong></span> <span class='ocrx_word' id='word_1_40' title='bbox 255 1069 309 1106; x_wconf 91' lang='lat' dir='ltr'><strong>non</strong></span> <span class='ocrx_word' id='word_1_41' title='bbox 327 1051 405 1115; x_wconf 87' lang='lat' dir='ltr'><strong>ferre,</strong></span> <span class='ocrx_word' id='word_1_42' title='bbox 424 1067 479 1105; x_wconf 91' lang='lat' dir='ltr'><strong>non</strong></span> <span class='ocrx_word' id='word_1_43' title='bbox 496 1051 561 1119; x_wconf 88' lang='lat' dir='ltr'><strong>igne</strong></span> <span class='ocrx_word' id='word_1_44' title='bbox 579 1052 722 1105; x_wconf 80' lang='lat' dir='ltr'><strong>eductus</strong></span> <span class='ocrx_word' id='word_1_45' title='bbox 741 1053 774 1105; x_wconf 92' lang='lat' dir='ltr'><strong>et</strong></span> <span class='ocrx_word' id='word_1_46' title='bbox 791 1051 879 1120; x_wconf 86' lang='lat' dir='ltr'><strong>ipsa.</strong></span> <span class='ocrx_word' id='word_1_47' title='bbox 1022 1050 1071 1115; x_wconf 90' lang='lat' dir='ltr'><strong>IV,</strong></span> <span class='ocrx_word' id='word_1_48' title='bbox 1090 1051 1134 1115; x_wconf 82' lang='lat'><strong>24,</strong></span> <span class='ocrx_word' id='word_1_49' title='bbox 1154 1052 1196 1106; x_wconf 94' lang='grc'><strong>11.</strong></span> 
     </span>
     <span class='ocr_line' id='line_1_8' title="bbox 97 1139 1196 1205; baseline 0.001 -11"><span class='ocrx_word' id='word_1_50' title='bbox 97 1140 126 1194; x_wconf 80' lang='lat' dir='ltr'><strong>Si</strong></span> <span class='ocrx_word' id='word_1_51' title='bbox 144 1140 223 1195; x_wconf 90' lang='lat' dir='ltr'><strong>dabit</strong></span> <span class='ocrx_word' id='word_1_52' title='bbox 240 1140 306 1194; x_wconf 90' lang='lat' dir='ltr'><strong>haec</strong></span> <span class='ocrx_word' id='word_1_53' title='bbox 323 1141 432 1205; x_wconf 86' lang='lat' dir='ltr'><strong>multas,</strong></span> <span class='ocrx_word' id='word_1_54' title='bbox 451 1141 515 1195; x_wconf 86' lang='lat' dir='ltr'><strong>ilem</strong></span> <span class='ocrx_word' id='word_1_55' title='bbox 532 1141 736 1194; x_wconf 90' lang='lat' dir='ltr'><strong>inmortalis</strong></span> <span class='ocrx_word' id='word_1_56' title='bbox 753 1140 789 1193; x_wconf 92' lang='lat' dir='ltr'><strong>in</strong></span> <span class='ocrx_word' id='word_1_57' title='bbox 807 1139 894 1194; x_wconf 88' lang='lat' dir='ltr'><strong>illis.</strong></span> <span class='ocrx_word' id='word_1_58' title='bbox 1018 1140 1072 1204; x_wconf 89' lang='lat' dir='ltr'><strong>III,</strong></span> <span class='ocrx_word' id='word_1_59' title='bbox 1110 1141 1134 1204; x_wconf 98' lang='grc'><strong>7,</strong></span> <span class='ocrx_word' id='word_1_60' title='bbox 1153 1141 1196 1195; x_wconf 86' lang='grc'><strong>39.</strong></span> 
     </span>
     <span class='ocr_line' id='line_1_9' title="bbox 104 1228 1232 1300; baseline 0 -17"><span class='ocrx_word' id='word_1_61' title='bbox 104 1229 133 1296; x_wconf 91' lang='lat' dir='ltr'><strong>b)</strong></span> <span class='ocrx_word' id='word_1_62' title='bbox 168 1229 248 1284; x_wconf 78' lang='lat' dir='ltr'><strong>Alter</strong></span> <span class='ocrx_word' id='word_1_63' title='bbox 265 1229 367 1293; x_wconf 91' lang='lat' dir='ltr'><strong>modus,</strong></span> <span class='ocrx_word' id='word_1_64' title='bbox 386 1245 438 1300; x_wconf 91' lang='lat' dir='ltr'><strong>quo</strong></span> <span class='ocrx_word' id='word_1_65' title='bbox 457 1229 569 1284; x_wconf 79' lang='lat' dir='ltr'><strong>tertiam</strong></span> <span class='ocrx_word' id='word_1_66' title='bbox 581 1230 704 1298; x_wconf 87' lang='lat' dir='ltr'><strong>regulam</strong></span> <span class='ocrx_word' id='word_1_67' title='bbox 717 1228 871 1282; x_wconf 86' lang='lat' dir='ltr'><strong>adhibitam</strong></span> <span class='ocrx_word' id='word_1_68' title='bbox 888 1229 1049 1294; x_wconf 91' lang='lat' dir='ltr'><strong>invenimus,</strong></span> <span class='ocrx_word' id='word_1_69' title='bbox 1068 1228 1093 1282; x_wconf 90' lang='lat' dir='ltr'><strong>is</strong></span> <span class='ocrx_word' id='word_1_70' title='bbox 1111 1232 1161 1294; x_wconf 86' lang='lat' dir='ltr'><strong>est,</strong></span> <span class='ocrx_word' id='word_1_71' title='bbox 1181 1245 1232 1299; x_wconf 91' lang='lat' dir='ltr'><strong>quo</strong></span> 
     </span>
     <span class='ocr_line' id='line_1_10' title="bbox 168 1318 1232 1396; baseline 0.001 -24"><span class='ocrx_word' id='word_1_72' title='bbox 168 1320 196 1386; x_wconf 80' lang='lat' dir='ltr'><strong>a)</strong></span> <span class='ocrx_word' id='word_1_73' title='bbox 222 1335 273 1372; x_wconf 88' lang='lat' dir='ltr'><strong>vor</strong></span> <span class='ocrx_word' id='word_1_74' title='bbox 291 1318 425 1388; x_wconf 86' lang='lat' dir='ltr'><strong>disyllaba</strong></span> <span class='ocrx_word' id='word_1_75' title='bbox 444 1319 502 1372; x_wconf 93' lang='lat' dir='ltr'><strong>voci</strong></span> <span class='ocrx_word' id='word_1_76' title='bbox 514 1319 611 1388; x_wconf 87' lang='lat' dir='ltr'><strong>longae</strong></span> <span class='ocrx_word' id='word_1_77' title='bbox 629 1318 798 1387; x_wconf 88' lang='lat' dir='ltr'><strong>adiungitur,</strong></span> <span class='ocrx_word' id='word_1_78' title='bbox 818 1319 896 1388; x_wconf 86' lang='lat' dir='ltr'><strong>quale</strong></span> <span class='ocrx_word' id='word_1_79' title='bbox 913 1318 1067 1372; x_wconf 83' lang='lat' dir='ltr'><strong>invenimus</strong></span> <span class='ocrx_word' id='word_1_80' title='bbox 1078 1319 1128 1372; x_wconf 91' lang='lat' dir='ltr'><strong>hoc</strong></span> <span class='ocrx_word' id='word_1_81' title='bbox 1140 1335 1232 1396; x_wconf 86' lang='lat' dir='ltr'><strong>versu:</strong></span> 
     </span>
     <span class='ocr_line' id='line_1_11' title="bbox 98 1407 904 1478; baseline 0 -16"><span class='ocrx_word' id='word_1_82' title='bbox 98 1407 218 1462; x_wconf 82' lang='lat' dir='ltr'><strong>Adstitit</strong></span> <span class='ocrx_word' id='word_1_83' title='bbox 234 1407 354 1476; x_wconf 83' lang='lat' dir='ltr'><strong>Augusti</strong></span> <span class='ocrx_word' id='word_1_84' title='bbox 371 1408 482 1477; x_wconf 88' lang='lat' dir='ltr'><strong>puppim</strong></span> <span class='ocrx_word' id='word_1_85' title='bbox 501 1425 579 1478; x_wconf 90' lang='lat' dir='ltr'><strong>snper</strong></span> <span class='ocrx_word' id='word_1_86' title='bbox 597 1411 630 1463; x_wconf 87' lang='lat' dir='ltr'><strong>ct</strong></span> <span class='ocrx_word' id='word_1_87' title='bbox 648 1424 732 1462; x_wconf 92' lang='lat' dir='ltr'><strong>nova</strong></span> <span class='ocrx_word' id='word_1_88' title='bbox 750 1407 904 1472; x_wconf 80' lang='lat' dir='ltr'><strong>flamma3</strong></span> 
     </span>
     <span class='ocr_line' id='line_1_12' title="bbox 68 1497 1233 1568; baseline 0.002 -18"><span class='ocrx_word' id='word_1_89' title='bbox 68 1513 139 1567; x_wconf 90' lang='lat' dir='ltr'><strong>quem</strong></span> <span class='ocrx_word' id='word_1_90' title='bbox 162 1497 271 1552; x_wconf 89' lang='lat' dir='ltr'><strong>modum</strong></span> <span class='ocrx_word' id='word_1_91' title='bbox 297 1497 419 1552; x_wconf 89' lang='lat' dir='ltr'><strong>versibus</strong></span> <span class='ocrx_word' id='word_1_92' title='bbox 443 1498 524 1552; x_wconf 88' lang='lat' dir='ltr'><strong>finem</strong></span> <span class='ocrx_word' id='word_1_93' title='bbox 548 1497 705 1568; x_wconf 90' lang='lat' dir='ltr'><strong>imponendi</strong></span> <span class='ocrx_word' id='word_1_94' title='bbox 726 1497 854 1552; x_wconf 66' lang='lat' dir='ltr'><strong>&#39;Tibullus</strong></span> <span class='ocrx_word' id='word_1_95' title='bbox 880 1497 1007 1552; x_wconf 85' lang='lat' dir='ltr'><strong>adhibuit</strong></span> <span class='ocrx_word' id='word_1_96' title='bbox 1029 1497 1116 1552; x_wconf 84' lang='lat' dir='ltr'><strong>decies</strong></span> <span class='ocrx_word' id='word_1_97' title='bbox 1141 1497 1233 1564; x_wconf 87' lang='lat' dir='ltr'><strong>series,</strong></span> 
     </span>
     <span class='ocr_line' id='line_1_13' title="bbox 68 1587 1170 1658; baseline 0.002 -18"><span class='ocrx_word' id='word_1_98' title='bbox 68 1587 187 1642; x_wconf 82' lang='lat' dir='ltr'><strong>laudator</strong></span> <span class='ocrx_word' id='word_1_99' title='bbox 205 1587 348 1641; x_wconf 85' lang='lat' dir='ltr'><strong>Messallae</strong></span> <span class='ocrx_word' id='word_1_100' title='bbox 366 1591 416 1652; x_wconf 89' lang='lat' dir='ltr'><strong>ter,</strong></span> <span class='ocrx_word' id='word_1_101' title='bbox 435 1587 591 1656; x_wconf 85' lang='lat' dir='ltr'><strong>Propertius</strong></span> <span class='ocrx_word' id='word_1_102' title='bbox 611 1587 698 1642; x_wconf 90' lang='lat' dir='ltr'><strong>decies</strong></span> <span class='ocrx_word' id='word_1_103' title='bbox 717 1587 868 1658; x_wconf 89' lang='lat' dir='ltr'><strong>quinquies,</strong></span> <span class='ocrx_word' id='word_1_104' title='bbox 887 1587 1042 1657; x_wconf 84' lang='lat' dir='ltr'><strong>Lygdamus</strong></span> <span class='ocrx_word' id='word_1_105' title='bbox 1060 1587 1170 1643; x_wconf 82' lang='lat' dir='ltr'><strong>vitavit.</strong></span> 
     </span>
     <span class='ocr_line' id='line_1_14' title="bbox 168 1675 1234 1746; baseline 0.003 -17"><span class='ocrx_word' id='word_1_106' title='bbox 168 1678 195 1746; x_wconf 81' lang='grc' dir='ltr'><strong>β)</strong></span> <span class='ocrx_word' id='word_1_107' title='bbox 221 1677 275 1730; x_wconf 89' lang='lat' dir='ltr'><strong>Pro</strong></span> <span class='ocrx_word' id='word_1_108' title='bbox 303 1693 364 1730; x_wconf 87' lang='lat' dir='ltr'><strong>voce</strong></span> <span class='ocrx_word' id='word_1_109' title='bbox 389 1675 524 1746; x_wconf 87' lang='lat' dir='ltr'><strong>disyllaba</strong></span> <span class='ocrx_word' id='word_1_110' title='bbox 549 1676 620 1746; x_wconf 88' lang='lat' dir='ltr'><strong>apud</strong></span> <span class='ocrx_word' id='word_1_111' title='bbox 646 1677 818 1746; x_wconf 87' lang='lat' dir='ltr'><strong>Propertium</strong></span> <span class='ocrx_word' id='word_1_112' title='bbox 841 1677 871 1730; x_wconf 91' lang='lat' dir='ltr'><strong>in</strong></span> <span class='ocrx_word' id='word_1_113' title='bbox 896 1675 999 1731; x_wconf 90' lang='lat' dir='ltr'><strong>duobus</strong></span> <span class='ocrx_word' id='word_1_114' title='bbox 1017 1677 1138 1732; x_wconf 90' lang='lat' dir='ltr'><strong>versibus</strong></span> <span class='ocrx_word' id='word_1_115' title='bbox 1155 1676 1234 1732; x_wconf 88' lang='lat' dir='ltr'><strong>binas</strong></span> 
     </span>
     <span class='ocr_line' id='line_1_15' title="bbox 170 1765 611 1835; baseline 0 -15"><span class='ocrx_word' id='word_1_116' title='bbox 170 1782 247 1820; x_wconf 90' lang='lat' dir='ltr'><strong>voces</strong></span> <span class='ocrx_word' id='word_1_117' title='bbox 265 1765 463 1835; x_wconf 90' lang='lat' dir='ltr'><strong>monosyllabas</strong></span> <span class='ocrx_word' id='word_1_118' title='bbox 481 1765 611 1834; x_wconf 87' lang='lat' dir='ltr'><strong>legimus:</strong></span> 
     </span>
     <span class='ocr_line' id='line_1_16' title="bbox 99 1851 1198 1924; baseline 0.002 -15"><span class='ocrx_word' id='word_1_119' title='bbox 99 1855 154 1910; x_wconf 84' lang='lat' dir='ltr'><strong>iste</strong></span> <span class='ocrx_word' id='word_1_120' title='bbox 172 1854 243 1924; x_wconf 91' lang='lat' dir='ltr'><strong>qnod</strong></span> <span class='ocrx_word' id='word_1_121' title='bbox 262 1858 312 1918; x_wconf 90' lang='lat' dir='ltr'><strong>est,</strong></span> <span class='ocrx_word' id='word_1_122' title='bbox 332 1870 382 1922; x_wconf 86' lang='lat' dir='ltr'><strong>ego</strong></span> <span class='ocrx_word' id='word_1_123' title='bbox 401 1871 480 1923; x_wconf 89' lang='lat' dir='ltr'><strong>saepe</strong></span> <span class='ocrx_word' id='word_1_124' title='bbox 498 1855 547 1920; x_wconf 87' lang='lat' dir='ltr'><strong>fui,</strong></span> <span class='ocrx_word' id='word_1_125' title='bbox 567 1855 613 1909; x_wconf 92' lang='lat' dir='ltr'><strong>sed</strong></span> <span class='ocrx_word' id='word_1_126' title='bbox 635 1853 705 1909; x_wconf 91' lang='lat' dir='ltr'><strong>fors</strong></span> <span class='ocrx_word' id='word_1_127' title='bbox 724 1855 810 1909; x_wconf 89' lang='lat' dir='ltr'><strong>etin</strong></span> <span class='ocrx_word' id='word_1_128' title='bbox 830 1856 918 1909; x_wconf 87' lang='lat' dir='ltr'><strong>hora.</strong></span> <span class='ocrx_word' id='word_1_129' title='bbox 1036 1851 1087 1920; x_wconf 82' lang='lat' dir='ltr'><strong>II,</strong></span> <span class='ocrx_word' id='word_1_130' title='bbox 1111 1857 1136 1922; x_wconf 88' lang='lat'><strong>9,</strong></span> <span class='ocrx_word' id='word_1_131' title='bbox 1174 1858 1198 1911; x_wconf 94' lang='lat'><strong>1.</strong></span> 
     </span>
     <span class='ocr_line' id='line_1_17' title="bbox 99 1943 1197 2014; baseline 0.001 -16"><span class='ocrx_word' id='word_1_132' title='bbox 99 1945 161 2014; x_wconf 82' lang='lat' dir='ltr'><strong>Ipsa</strong></span> <span class='ocrx_word' id='word_1_133' title='bbox 179 1947 256 1998; x_wconf 90' lang='lat' dir='ltr'><strong>tuam</strong></span> <span class='ocrx_word' id='word_1_134' title='bbox 275 1961 352 1998; x_wconf 87' lang='lat' dir='ltr'><strong>serva</strong></span> <span class='ocrx_word' id='word_1_135' title='bbox 369 1944 479 2013; x_wconf 91' lang='lat' dir='ltr'><strong>prolem,</strong></span> <span class='ocrx_word' id='word_1_136' title='bbox 497 1945 602 2010; x_wconf 87' lang='lat' dir='ltr'><strong>Venus;</strong></span> <span class='ocrx_word' id='word_1_137' title='bbox 621 1945 682 1998; x_wconf 86' lang='lat' dir='ltr'><strong>hoe</strong></span> <span class='ocrx_word' id='word_1_138' title='bbox 705 1943 753 1998; x_wconf 92' lang='lat' dir='ltr'><strong>sit</strong></span> <span class='ocrx_word' id='word_1_139' title='bbox 770 1945 805 1998; x_wconf 95' lang='lat' dir='ltr'><strong>in</strong></span> <span class='ocrx_word' id='word_1_140' title='bbox 825 1960 954 2009; x_wconf 85' lang='lat' dir='ltr'><strong>aevum;</strong></span> <span class='ocrx_word' id='word_1_141' title='bbox 1026 1944 1074 2010; x_wconf 87' lang='lat' dir='ltr'><strong>IV,</strong></span> <span class='ocrx_word' id='word_1_142' title='bbox 1110 1946 1197 2009; x_wconf 83' lang='lat'><strong>3,19.</strong></span> 
     </span>
     <span class='ocr_line' id='line_1_18' title="bbox 69 2033 866 2104; baseline 0.001 -18"><span class='ocrx_word' id='word_1_143' title='bbox 69 2049 144 2103; x_wconf 87' lang='lat' dir='ltr'><strong>quam</strong></span> <span class='ocrx_word' id='word_1_144' title='bbox 162 2034 275 2088; x_wconf 86' lang='lat' dir='ltr'><strong>formam</strong></span> <span class='ocrx_word' id='word_1_145' title='bbox 295 2033 418 2087; x_wconf 85' lang='lat' dir='ltr'><strong>Tibullus</strong></span> <span class='ocrx_word' id='word_1_146' title='bbox 437 2033 546 2104; x_wconf 85' lang='lat' dir='ltr'><strong>ejusque</strong></span> <span class='ocrx_word' id='word_1_147' title='bbox 566 2035 681 2088; x_wconf 83' lang='lat' dir='ltr'><strong>asseclae</strong></span> <span class='ocrx_word' id='word_1_148' title='bbox 700 2036 866 2103; x_wconf 86' lang='lat' dir='ltr'><strong>spreverunt.</strong></span> 
     </span>
     <span class='ocr_line' id='line_1_19' title="bbox 108 2121 1235 2193; baseline 0.003 -17"><span class='ocrx_word' id='word_1_149' title='bbox 108 2125 132 2189; x_wconf 90' lang='lat' dir='ltr'><strong>c)</strong></span> <span class='ocrx_word' id='word_1_150' title='bbox 170 2123 263 2178; x_wconf 83' lang='lat' dir='ltr'><strong>Tertio</strong></span> <span class='ocrx_word' id='word_1_151' title='bbox 282 2122 368 2187; x_wconf 90' lang='lat' dir='ltr'><strong>modo,</strong></span> <span class='ocrx_word' id='word_1_152' title='bbox 396 2138 448 2192; x_wconf 90' lang='lat' dir='ltr'><strong>quo</strong></span> <span class='ocrx_word' id='word_1_153' title='bbox 467 2137 560 2176; x_wconf 87' lang='lat' dir='ltr'><strong>versus</strong></span> <span class='ocrx_word' id='word_1_154' title='bbox 586 2126 695 2176; x_wconf 87' lang='lat' dir='ltr'><strong>servata</strong></span> <span class='ocrx_word' id='word_1_155' title='bbox 722 2123 772 2176; x_wconf 89' lang='lat' dir='ltr'><strong>hac</strong></span> <span class='ocrx_word' id='word_1_156' title='bbox 796 2123 891 2190; x_wconf 84' lang='lat' dir='ltr'><strong>regula</strong></span> <span class='ocrx_word' id='word_1_157' title='bbox 910 2121 1032 2177; x_wconf 89' lang='lat' dir='ltr'><strong>concludi</strong></span> <span class='ocrx_word' id='word_1_158' title='bbox 1050 2125 1170 2192; x_wconf 87' lang='lat' dir='ltr'><strong>possunt,</strong></span> <span class='ocrx_word' id='word_1_159' title='bbox 1188 2140 1235 2193; x_wconf 89' lang='lat' dir='ltr'><strong>pes</strong></span> 
     </span>
     <span class='ocr_line' id='line_1_20' title="bbox 170 2210 1151 2282; baseline 0 -16"><span class='ocrx_word' id='word_1_160' title='bbox 170 2212 284 2266; x_wconf 89' lang='lat' dir='ltr'><strong>ultimus</strong></span> <span class='ocrx_word' id='word_1_161' title='bbox 302 2211 332 2264; x_wconf 92' lang='lat' dir='ltr'><strong>in</strong></span> <span class='ocrx_word' id='word_1_162' title='bbox 351 2211 402 2264; x_wconf 93' lang='lat' dir='ltr'><strong>duo</strong></span> <span class='ocrx_word' id='word_1_163' title='bbox 421 2215 527 2266; x_wconf 86' lang='lat' dir='ltr'><strong>secatur</strong></span> <span class='ocrx_word' id='word_1_164' title='bbox 546 2210 737 2281; x_wconf 87' lang='lat' dir='ltr'><strong>monosyllaba,</strong></span> <span class='ocrx_word' id='word_1_165' title='bbox 757 2212 814 2266; x_wconf 91' lang='lat' dir='ltr'><strong>sive</strong></span> <span class='ocrx_word' id='word_1_166' title='bbox 832 2210 940 2281; x_wconf 82' lang='lat' dir='ltr'><strong>dactylo</strong></span> <span class='ocrx_word' id='word_1_167' title='bbox 959 2211 1151 2282; x_wconf 87' lang='lat' dir='ltr'><strong>praecedente:</strong></span> 
     </span>
     <span class='ocr_line' id='line_1_21' title="bbox 101 2299 924 2368; baseline -0.002 -11"><span class='ocrx_word' id='word_1_168' title='bbox 101 2301 221 2357; x_wconf 77' lang='lat' dir='ltr'><strong>Caesaris</strong></span> <span class='ocrx_word' id='word_1_169' title='bbox 239 2301 305 2354; x_wconf 88' lang='lat' dir='ltr'><strong>haec</strong></span> <span class='ocrx_word' id='word_1_170' title='bbox 323 2299 410 2354; x_wconf 86' lang='lat' dir='ltr'><strong>virtus</strong></span> <span class='ocrx_word' id='word_1_171' title='bbox 429 2303 457 2354; x_wconf 90' lang='lat' dir='ltr'><strong>et</strong></span> <span class='ocrx_word' id='word_1_172' title='bbox 475 2301 563 2368; x_wconf 83' lang='lat' dir='ltr'><strong>glorie</strong></span> <span class='ocrx_word' id='word_1_173' title='bbox 581 2299 737 2356; x_wconf 79' lang='lat' dir='ltr'><strong>Caesaris</strong></span> <span class='ocrx_word' id='word_1_174' title='bbox 755 2301 839 2354; x_wconf 90' lang='lat' dir='ltr'><strong>haec</strong></span> <span class='ocrx_word' id='word_1_175' title='bbox 857 2303 924 2364; x_wconf 87' lang='lat' dir='ltr'><strong>est;</strong></span> 
     </span>
     <span class='ocr_line' id='line_1_22' title="bbox 72 2389 1235 2462; baseline 0 -18"><span class='ocrx_word' id='word_1_176' title='bbox 72 2406 144 2460; x_wconf 89' lang='lat' dir='ltr'><strong>quem</strong></span> <span class='ocrx_word' id='word_1_177' title='bbox 161 2390 270 2444; x_wconf 91' lang='lat' dir='ltr'><strong>modum</strong></span> <span class='ocrx_word' id='word_1_178' title='bbox 293 2389 375 2444; x_wconf 90' lang='lat' dir='ltr'><strong>semel</strong></span> <span class='ocrx_word' id='word_1_179' title='bbox 400 2389 524 2444; x_wconf 84' lang='lat' dir='ltr'><strong>Tibullus</strong></span> <span class='ocrx_word' id='word_1_180' title='bbox 548 2389 582 2460; x_wconf 90' lang='lat' dir='ltr'><strong>(I,</strong></span> <span class='ocrx_word' id='word_1_181' title='bbox 601 2391 627 2456; x_wconf 83' lang='lat'><strong>4,</strong></span> <span class='ocrx_word' id='word_1_182' title='bbox 646 2391 700 2460; x_wconf 88' lang='grc'><strong>63),</strong></span> <span class='ocrx_word' id='word_1_183' title='bbox 719 2390 875 2459; x_wconf 89' lang='lat' dir='ltr'><strong>Propertius</strong></span> <span class='ocrx_word' id='word_1_184' title='bbox 894 2389 980 2445; x_wconf 91' lang='lat' dir='ltr'><strong>decies</strong></span> <span class='ocrx_word' id='word_1_185' title='bbox 999 2389 1141 2462; x_wconf 88' lang='lat' dir='ltr'><strong>quinquies</strong></span> <span class='ocrx_word' id='word_1_186' title='bbox 1159 2389 1235 2445; x_wconf 89' lang='lat' dir='ltr'><strong>adhi-</strong></span> 
     </span>
     <span class='ocr_line' id='line_1_23' title="bbox 72 2478 1098 2548; baseline 0.003 -17"><span class='ocrx_word' id='word_1_187' title='bbox 72 2478 139 2545; x_wconf 89' lang='lat' dir='ltr'><strong>buit;</strong></span> <span class='ocrx_word' id='word_1_188' title='bbox 158 2480 215 2534; x_wconf 90' lang='lat' dir='ltr'><strong>sive</strong></span> <span class='ocrx_word' id='word_1_189' title='bbox 234 2495 297 2532; x_wconf 87' lang='lat' dir='ltr'><strong>voce</strong></span> <span class='ocrx_word' id='word_1_190' title='bbox 315 2478 403 2532; x_wconf 83' lang='lat' dir='ltr'><strong>ionica</strong></span> <span class='ocrx_word' id='word_1_191' title='bbox 422 2495 438 2532; x_wconf 86' lang='lat' dir='ltr'><strong>a</strong></span> <span class='ocrx_word' id='word_1_192' title='bbox 456 2479 556 2533; x_wconf 86' lang='lat' dir='ltr'><strong>maiore</strong></span> <span class='ocrx_word' id='word_1_193' title='bbox 573 2482 606 2533; x_wconf 90' lang='lat' dir='ltr'><strong>ut</strong></span> <span class='ocrx_word' id='word_1_194' title='bbox 624 2480 674 2534; x_wconf 91' lang='lat' dir='ltr'><strong>hoc</strong></span> <span class='ocrx_word' id='word_1_195' title='bbox 692 2479 825 2548; x_wconf 86' lang='lat' dir='ltr'><strong>Sulpiciae</strong></span> <span class='ocrx_word' id='word_1_196' title='bbox 845 2496 922 2533; x_wconf 91' lang='lat' dir='ltr'><strong>versu</strong></span> <span class='ocrx_word' id='word_1_197' title='bbox 939 2480 987 2545; x_wconf 89' lang='lat' dir='ltr'><strong>IV,</strong></span> <span class='ocrx_word' id='word_1_198' title='bbox 1007 2482 1049 2546; x_wconf 93' lang='lat'><strong>11,</strong></span> <span class='ocrx_word' id='word_1_199' title='bbox 1068 2480 1098 2536; x_wconf 80' lang='lat'><strong>5:</strong></span> 
     </span>
     <span class='ocr_line' id='line_1_24' title="bbox 102 2565 881 2637; baseline -0.004 -14"><span class='ocrx_word' id='word_1_200' title='bbox 102 2568 140 2623; x_wconf 80' lang='lat' dir='ltr'><strong>Ac</strong></span> <span class='ocrx_word' id='word_1_201' title='bbox 157 2568 226 2622; x_wconf 91' lang='lat' dir='ltr'><strong>mihi</strong></span> <span class='ocrx_word' id='word_1_202' title='bbox 245 2565 311 2637; x_wconf 92' lang='lat' dir='ltr'><strong>quid</strong></span> <span class='ocrx_word' id='word_1_203' title='bbox 328 2565 415 2635; x_wconf 92' lang='lat' dir='ltr'><strong>prosit</strong></span> <span class='ocrx_word' id='word_1_204' title='bbox 432 2566 538 2622; x_wconf 90' lang='lat' dir='ltr'><strong>morbos</strong></span> <span class='ocrx_word' id='word_1_205' title='bbox 556 2567 723 2622; x_wconf 89' lang='lat' dir='ltr'><strong>evincere</strong></span> <span class='ocrx_word' id='word_1_206' title='bbox 742 2583 810 2620; x_wconf 92' lang='lat' dir='ltr'><strong>cum</strong></span> <span class='ocrx_word' id='word_1_207' title='bbox 830 2569 881 2631; x_wconf 90' lang='lat' dir='ltr'><strong>tu;</strong></span> 
     </span>
     <span class='ocr_line' id='line_1_25' title="bbox 73 2656 1237 2728; baseline 0.002 -17"><span class='ocrx_word' id='word_1_208' title='bbox 73 2673 147 2727; x_wconf 90' lang='lat' dir='ltr'><strong>quam</strong></span> <span class='ocrx_word' id='word_1_209' title='bbox 165 2657 279 2711; x_wconf 82' lang='lat' dir='ltr'><strong>formam</strong></span> <span class='ocrx_word' id='word_1_210' title='bbox 306 2658 413 2725; x_wconf 90' lang='lat' dir='ltr'><strong>praeter</strong></span> <span class='ocrx_word' id='word_1_211' title='bbox 441 2657 511 2710; x_wconf 91' lang='lat' dir='ltr'><strong>hunc</strong></span> <span class='ocrx_word' id='word_1_212' title='bbox 534 2656 669 2725; x_wconf 83' lang='lat' dir='ltr'><strong>Sulpiciae</strong></span> <span class='ocrx_word' id='word_1_213' title='bbox 687 2673 792 2712; x_wconf 89' lang='lat' dir='ltr'><strong>versum</strong></span> <span class='ocrx_word' id='word_1_214' title='bbox 809 2656 962 2710; x_wconf 88' lang='lat' dir='ltr'><strong>invenimus</strong></span> <span class='ocrx_word' id='word_1_215' title='bbox 980 2657 1065 2712; x_wconf 88' lang='lat' dir='ltr'><strong>sexies</strong></span> <span class='ocrx_word' id='word_1_216' title='bbox 1083 2658 1155 2728; x_wconf 88' lang='lat' dir='ltr'><strong>apud</strong></span> <span class='ocrx_word' id='word_1_217' title='bbox 1172 2659 1237 2713; x_wconf 91' lang='lat' dir='ltr'><strong>Pro-</strong></span> 
     </span>
     <span class='ocr_line' id='line_1_26' title="bbox 72 2745 1237 2816; baseline 0 -14"><span class='ocrx_word' id='word_1_218' title='bbox 72 2748 198 2815; x_wconf 86' lang='lat' dir='ltr'><strong>pertium;</strong></span> <span class='ocrx_word' id='word_1_219' title='bbox 217 2745 273 2800; x_wconf 89' lang='lat' dir='ltr'><strong>sive</strong></span> <span class='ocrx_word' id='word_1_220' title='bbox 292 2761 354 2798; x_wconf 91' lang='lat' dir='ltr'><strong>voce</strong></span> <span class='ocrx_word' id='word_1_221' title='bbox 372 2761 501 2813; x_wconf 87' lang='lat' dir='ltr'><strong>paeonem</strong></span> <span class='ocrx_word' id='word_1_222' title='bbox 519 2745 662 2800; x_wconf 88' lang='lat' dir='ltr'><strong>secundum</strong></span> <span class='ocrx_word' id='word_1_223' title='bbox 681 2746 842 2810; x_wconf 90' lang='lat' dir='ltr'><strong>continenti,</strong></span> <span class='ocrx_word' id='word_1_224' title='bbox 861 2761 941 2816; x_wconf 88' lang='lat' dir='ltr'><strong>quarn</strong></span> <span class='ocrx_word' id='word_1_225' title='bbox 958 2745 1079 2812; x_wconf 84' lang='lat' dir='ltr'><strong>formam,</strong></span> <span class='ocrx_word' id='word_1_226' title='bbox 1098 2749 1131 2802; x_wconf 89' lang='lat' dir='ltr'><strong>ut</strong></span> <span class='ocrx_word' id='word_1_227' title='bbox 1148 2749 1237 2802; x_wconf 87' lang='lat' dir='ltr'><strong>minus</strong></span> 
     </span>
     <span class='ocr_line' id='line_1_27' title="bbox 73 2833 709 2904; baseline 0 -14"><span class='ocrx_word' id='word_1_228' title='bbox 73 2835 172 2901; x_wconf 89' lang='lat' dir='ltr'><strong>bonam,</strong></span> <span class='ocrx_word' id='word_1_229' title='bbox 190 2834 348 2904; x_wconf 88' lang='lat' dir='ltr'><strong>Propertius</strong></span> <span class='ocrx_word' id='word_1_230' title='bbox 367 2833 494 2888; x_wconf 88' lang='lat' dir='ltr'><strong>adhibuit</strong></span> <span class='ocrx_word' id='word_1_231' title='bbox 511 2835 555 2889; x_wconf 81' lang='lat' dir='ltr'><strong>hir</strong></span> <span class='ocrx_word' id='word_1_232' title='bbox 574 2834 709 2890; x_wconf 89' lang='lat' dir='ltr'><strong>versibus:</strong></span> 
     </span>
     <span class='ocr_line' id='line_1_28' title="bbox 104 2923 1200 2995; baseline 0.002 -16"><span class='ocrx_word' id='word_1_233' title='bbox 104 2925 141 2979; x_wconf 81' lang='lat' dir='ltr'><strong>At</strong></span> <span class='ocrx_word' id='word_1_234' title='bbox 160 2927 191 2979; x_wconf 90' lang='lat' dir='ltr'><strong>tu</strong></span> <span class='ocrx_word' id='word_1_235' title='bbox 210 2941 256 2978; x_wconf 89' lang='lat' dir='ltr'><strong>seu</strong></span> <span class='ocrx_word' id='word_1_236' title='bbox 275 2923 365 2976; x_wconf 91' lang='lat' dir='ltr'><strong>mollis</strong></span> <span class='ocrx_word' id='word_1_237' title='bbox 384 2939 436 2994; x_wconf 87' lang='lat' dir='ltr'><strong>que</strong></span> <span class='ocrx_word' id='word_1_238' title='bbox 454 2923 547 2978; x_wconf 92' lang='lat' dir='ltr'><strong>tendit</strong></span> <span class='ocrx_word' id='word_1_239' title='bbox 564 2924 662 2978; x_wconf 90' lang='lat' dir='ltr'><strong>Ionia</strong></span> <span class='ocrx_word' id='word_1_240' title='bbox 680 2940 735 2978; x_wconf 90' lang='lat' dir='ltr'><strong>seu</strong></span> <span class='ocrx_word' id='word_1_241' title='bbox 753 2941 822 2995; x_wconf 91' lang='lat' dir='ltr'><strong>qua.</strong></span> <span class='ocrx_word' id='word_1_242' title='bbox 1053 2924 1076 2990; x_wconf 97' lang='lat' dir='ltr'><strong>I,</strong></span> <span class='ocrx_word' id='word_1_243' title='bbox 1114 2927 1139 2992; x_wconf 87' lang='grc'><strong>6,</strong></span> <span class='ocrx_word' id='word_1_244' title='bbox 1158 2927 1200 2981; x_wconf 88' lang='grc'><strong>31.</strong></span> 
     </span>
     <span class='ocr_line' id='line_1_29' title="bbox 8 3011 1202 3083; baseline 0.002 -15"><span class='ocrx_word' id='word_1_245' title='bbox 8 3023 9 3028; x_wconf 76' lang='grc'>’</span> <span class='ocrx_word' id='word_1_246' title='bbox 104 3015 173 3069; x_wconf 79' lang='lat' dir='ltr'><strong>&#39;lum</strong></span> <span class='ocrx_word' id='word_1_247' title='bbox 190 3029 233 3068; x_wconf 91' lang='lat' dir='ltr'><strong>me</strong></span> <span class='ocrx_word' id='word_1_248' title='bbox 252 3011 296 3067; x_wconf 89' lang='lat' dir='ltr'><strong>vel</strong></span> <span class='ocrx_word' id='word_1_249' title='bbox 314 3013 436 3080; x_wconf 84' lang='lat' dir='ltr'><strong>tragicae</strong></span> <span class='ocrx_word' id='word_1_250' title='bbox 455 3013 559 3068; x_wconf 87' lang='lat' dir='ltr'><strong>vexetis</strong></span> <span class='ocrx_word' id='word_1_251' title='bbox 577 3013 726 3083; x_wconf 78' lang='lat' dir='ltr'><strong>Erinyes</strong></span> <span class='ocrx_word' id='word_1_252' title='bbox 744 3016 779 3067; x_wconf 90' lang='lat' dir='ltr'><strong>et</strong></span> <span class='ocrx_word' id='word_1_253' title='bbox 797 3029 856 3068; x_wconf 86' lang='lat' dir='ltr'><strong>me.</strong></span> <span class='ocrx_word' id='word_1_254' title='bbox 1024 3013 1078 3080; x_wconf 92' lang='grc' dir='ltr'><strong>ΙΙΙ,</strong></span> <span class='ocrx_word' id='word_1_255' title='bbox 1097 3016 1139 3079; x_wconf 89' lang='grc'><strong>13,</strong></span> <span class='ocrx_word' id='word_1_256' title='bbox 1159 3015 1202 3082; x_wconf 72' lang='lat'><strong>29,</strong></span> 
     </span>
     <span class='ocr_line' id='line_1_30' title="bbox 8 3103 988 3174; baseline -0.002 -16"><span class='ocrx_word' id='word_1_257' title='bbox 8 3153 9 3158; x_wconf 73' lang='grc'><strong>,</strong></span> <span class='ocrx_word' id='word_1_258' title='bbox 73 3104 115 3174; x_wconf 90' lang='lat' dir='ltr'><strong>qui</strong></span> <span class='ocrx_word' id='word_1_259' title='bbox 130 3107 223 3158; x_wconf 88' lang='lat' dir='ltr'><strong>tamen</strong></span> <span class='ocrx_word' id='word_1_260' title='bbox 241 3119 333 3156; x_wconf 86' lang='lat' dir='ltr'><strong>versus</strong></span> <span class='ocrx_word' id='word_1_261' title='bbox 350 3106 459 3172; x_wconf 90' lang='lat' dir='ltr'><strong>propter</strong></span> <span class='ocrx_word' id='word_1_262' title='bbox 477 3103 587 3156; x_wconf 92' lang='lat' dir='ltr'><strong>nomina</strong></span> <span class='ocrx_word' id='word_1_263' title='bbox 604 3103 712 3172; x_wconf 89' lang='lat' dir='ltr'><strong>propria</strong></span> <span class='ocrx_word' id='word_1_264' title='bbox 730 3103 850 3157; x_wconf 83' lang='lat' dir='ltr'><strong>excusari</strong></span> <span class='ocrx_word' id='word_1_265' title='bbox 868 3105 988 3172; x_wconf 90' lang='lat' dir='ltr'><strong>possunt.</strong></span> 
     </span>
     <span class='ocr_line' id='line_1_31' title="bbox 111 3191 1239 3264; baseline 0.002 -16.749"><span class='ocrx_word' id='word_1_266' title='bbox 111 3192 140 3264; x_wconf 86' lang='lat' dir='ltr'><strong>d)</strong></span> <span class='ocrx_word' id='word_1_267' title='bbox 176 3192 293 3259; x_wconf 81' lang='lat' dir='ltr'><strong>Quartus</strong></span> <span class='ocrx_word' id='word_1_268' title='bbox 311 3192 413 3257; x_wconf 90' lang='lat' dir='ltr'><strong>modus,</strong></span> <span class='ocrx_word' id='word_1_269' title='bbox 442 3208 494 3263; x_wconf 91' lang='lat' dir='ltr'><strong>quo</strong></span> <span class='ocrx_word' id='word_1_270' title='bbox 520 3193 590 3246; x_wconf 92' lang='lat' dir='ltr'><strong>hanc</strong></span> <span class='ocrx_word' id='word_1_271' title='bbox 617 3193 739 3260; x_wconf 86' lang='lat' dir='ltr'><strong>regulam</strong></span> <span class='ocrx_word' id='word_1_272' title='bbox 766 3191 919 3246; x_wconf 88' lang='lat' dir='ltr'><strong>adhibitam</strong></span> <span class='ocrx_word' id='word_1_273' title='bbox 945 3191 1106 3258; x_wconf 87' lang='lat' dir='ltr'><strong>invenimus,</strong></span> <span class='ocrx_word' id='word_1_274' title='bbox 1134 3194 1178 3248; x_wconf 89' lang='lat' dir='ltr'><strong>vel</strong></span> <span class='ocrx_word' id='word_1_275' title='bbox 1196 3197 1239 3250; x_wconf 87' lang='lat' dir='ltr'><strong>est</strong></span> 
     </span>
     <span class='ocr_line' id='line_1_32' title="bbox 8 3277 1087 3351; baseline 0 -15"><span class='ocrx_word' id='word_1_276' title='bbox 8 3277 9 3282; x_wconf 56' lang='lat'>&#39;</span> <span class='ocrx_word' id='word_1_277' title='bbox 174 3281 326 3336; x_wconf 89' lang='lat' dir='ltr'><strong>coniunctio</strong></span> <span class='ocrx_word' id='word_1_278' title='bbox 345 3281 427 3351; x_wconf 88' lang='lat' dir='ltr'><strong>prinri</strong></span> <span class='ocrx_word' id='word_1_279' title='bbox 444 3281 517 3334; x_wconf 91' lang='lat' dir='ltr'><strong>modi</strong></span> <span class='ocrx_word' id='word_1_280' title='bbox 539 3297 599 3335; x_wconf 92' lang='lat' dir='ltr'><strong>cum</strong></span> <span class='ocrx_word' id='word_1_281' title='bbox 618 3281 709 3347; x_wconf 90' lang='lat' dir='ltr'><strong>tertie,</strong></span> <span class='ocrx_word' id='word_1_282' title='bbox 729 3282 772 3335; x_wconf 93' lang='lat' dir='ltr'><strong>vel</strong></span> <span class='ocrx_word' id='word_1_283' title='bbox 791 3280 900 3335; x_wconf 87' lang='lat' dir='ltr'><strong>secundi</strong></span> <span class='ocrx_word' id='word_1_284' title='bbox 918 3297 977 3334; x_wconf 90' lang='lat' dir='ltr'><strong>cnm</strong></span> <span class='ocrx_word' id='word_1_285' title='bbox 995 3282 1087 3336; x_wconf 91' lang='lat' dir='ltr'><strong>tertio.</strong></span> 
     </span>
     <span class='ocr_line' id='line_1_33' title="bbox 175 3368 1239 3442; baseline 0.003 -19"><span class='ocrx_word' id='word_1_286' title='bbox 175 3371 203 3442; x_wconf 88' lang='grc' dir='ltr'><strong>α)</strong></span> <span class='ocrx_word' id='word_1_287' title='bbox 229 3372 263 3426; x_wconf 93' lang='lat' dir='ltr'><strong>In</strong></span> <span class='ocrx_word' id='word_1_288' title='bbox 280 3371 364 3440; x_wconf 89' lang='lat' dir='ltr'><strong>priori</strong></span> <span class='ocrx_word' id='word_1_289' title='bbox 382 3387 445 3424; x_wconf 89' lang='lat' dir='ltr'><strong>casn</strong></span> <span class='ocrx_word' id='word_1_290' title='bbox 462 3387 508 3440; x_wconf 90' lang='lat' dir='ltr'><strong>pes</strong></span> <span class='ocrx_word' id='word_1_291' title='bbox 533 3370 644 3440; x_wconf 91' lang='lat' dir='ltr'><strong>quintus</strong></span> <span class='ocrx_word' id='word_1_292' title='bbox 663 3369 756 3424; x_wconf 90' lang='lat' dir='ltr'><strong>eodem</strong></span> <span class='ocrx_word' id='word_1_293' title='bbox 773 3369 850 3423; x_wconf 91' lang='lat' dir='ltr'><strong>modo</strong></span> <span class='ocrx_word' id='word_1_294' title='bbox 869 3368 1008 3433; x_wconf 85' lang='lat' dir='ltr'><strong>formatur,</strong></span> <span class='ocrx_word' id='word_1_295' title='bbox 1027 3372 1059 3423; x_wconf 90' lang='lat' dir='ltr'><strong>ut</strong></span> <span class='ocrx_word' id='word_1_296' title='bbox 1077 3369 1162 3439; x_wconf 90' lang='lat' dir='ltr'><strong>primo</strong></span> <span class='ocrx_word' id='word_1_297' title='bbox 1181 3370 1239 3426; x_wconf 91' lang='lat' dir='ltr'><strong>loco</strong></span> 
     </span>
     <span class='ocr_line' id='line_1_34' title="bbox 175 3459 1238 3530; baseline 0.001 -16"><span class='ocrx_word' id='word_1_298' title='bbox 175 3460 352 3530; x_wconf 82' lang='lat' dir='ltr'><strong>exposuimus,</strong></span> <span class='ocrx_word' id='word_1_299' title='bbox 387 3477 434 3529; x_wconf 90' lang='lat' dir='ltr'><strong>pes</strong></span> <span class='ocrx_word' id='word_1_300' title='bbox 462 3477 524 3514; x_wconf 92' lang='lat' dir='ltr'><strong>vero</strong></span> <span class='ocrx_word' id='word_1_301' title='bbox 552 3464 643 3514; x_wconf 85' lang='lat' dir='ltr'><strong>sertus</strong></span> <span class='ocrx_word' id='word_1_302' title='bbox 669 3459 742 3514; x_wconf 91' lang='lat' dir='ltr'><strong>binis</strong></span> <span class='ocrx_word' id='word_1_303' title='bbox 771 3459 964 3529; x_wconf 86' lang='lat' dir='ltr'><strong>monosyllabis</strong></span> <span class='ocrx_word' id='word_1_304' title='bbox 1000 3461 1121 3524; x_wconf 91' lang='lat' dir='ltr'><strong>constat,</strong></span> <span class='ocrx_word' id='word_1_305' title='bbox 1158 3475 1238 3530; x_wconf 90' lang='lat' dir='ltr'><strong>quam</strong></span> 
     </span>
     <span class='ocr_line' id='line_1_35' title="bbox 174 3548 924 3619; baseline -0.001 -15"><span class='ocrx_word' id='word_1_306' title='bbox 174 3551 287 3604; x_wconf 84' lang='lat' dir='ltr'><strong>ienuam</strong></span> <span class='ocrx_word' id='word_1_307' title='bbox 305 3551 461 3619; x_wconf 89' lang='lat' dir='ltr'><strong>Propertius</strong></span> <span class='ocrx_word' id='word_1_308' title='bbox 479 3549 565 3604; x_wconf 87' lang='lat' dir='ltr'><strong>series</strong></span> <span class='ocrx_word' id='word_1_309' title='bbox 584 3549 711 3604; x_wconf 88' lang='lat' dir='ltr'><strong>adhibuit</strong></span> <span class='ocrx_word' id='word_1_310' title='bbox 729 3549 772 3604; x_wconf 89' lang='lat' dir='ltr'><strong>his</strong></span> <span class='ocrx_word' id='word_1_311' title='bbox 790 3548 924 3604; x_wconf 90' lang='lat' dir='ltr'><strong>versibus:</strong></span> 
     </span>
     <span class='ocr_line' id='line_1_36' title="bbox 105 3637 1201 3704; baseline -0.001 -9"><span class='ocrx_word' id='word_1_312' title='bbox 105 3639 187 3696; x_wconf 88' lang='lat' dir='ltr'><strong>Ome</strong></span> <span class='ocrx_word' id='word_1_313' title='bbox 205 3641 428 3694; x_wconf 85' lang='lat' dir='ltr'><strong>felicemlonox</strong></span> <span class='ocrx_word' id='word_1_314' title='bbox 446 3640 515 3693; x_wconf 90' lang='lat' dir='ltr'><strong>mihi</strong></span> <span class='ocrx_word' id='word_1_315' title='bbox 534 3639 678 3694; x_wconf 92' lang='lat' dir='ltr'><strong>candida</strong></span> <span class='ocrx_word' id='word_1_316' title='bbox 697 3642 825 3694; x_wconf 89' lang='lat' dir='ltr'><strong>etotu.</strong></span> <span class='ocrx_word' id='word_1_317' title='bbox 1024 3637 1077 3704; x_wconf 90' lang='lat'><strong>111,</strong></span> <span class='ocrx_word' id='word_1_318' title='bbox 1114 3637 1139 3702; x_wconf 91' lang='grc'><strong>7,</strong></span> <span class='ocrx_word' id='word_1_319' title='bbox 1177 3640 1201 3694; x_wconf 92' lang='grc'><strong>1.</strong></span> 
     </span>
     <span class='ocr_line' id='line_1_37' title="bbox 105 3725 1204 3800; baseline -0.003 -15"><span class='ocrx_word' id='word_1_320' title='bbox 105 3729 298 3800; x_wconf 69' lang='lat' dir='ltr'><strong>consuluitque</strong></span> <span class='ocrx_word' id='word_1_321' title='bbox 316 3729 416 3798; x_wconf 90' lang='lat' dir='ltr'><strong>striges</strong></span> <span class='ocrx_word' id='word_1_322' title='bbox 434 3731 526 3783; x_wconf 88' lang='lat' dir='ltr'><strong>nostro</strong></span> <span class='ocrx_word' id='word_1_323' title='bbox 545 3729 577 3783; x_wconf 92' lang='lat' dir='ltr'><strong>de</strong></span> <span class='ocrx_word' id='word_1_324' title='bbox 596 3729 763 3797; x_wconf 86' lang='lat' dir='ltr'><strong>sanguine</strong></span> <span class='ocrx_word' id='word_1_325' title='bbox 782 3731 816 3783; x_wconf 89' lang='lat' dir='ltr'><strong>et</strong></span> <span class='ocrx_word' id='word_1_326' title='bbox 833 3728 872 3783; x_wconf 92' lang='lat' dir='ltr'><strong>in</strong></span> <span class='ocrx_word' id='word_1_327' title='bbox 890 3743 949 3782; x_wconf 90' lang='lat' dir='ltr'><strong>me.</strong></span> <span class='ocrx_word' id='word_1_328' title='bbox 1046 3727 1078 3792; x_wconf 87' lang='lat' dir='ltr'><strong>V,</strong></span> <span class='ocrx_word' id='word_1_329' title='bbox 1116 3725 1141 3792; x_wconf 84' lang='lat'><strong>5,</strong></span> <span class='ocrx_word' id='word_1_330' title='bbox 1162 3727 1204 3782; x_wconf 92' lang='grc'><strong>17.</strong></span> 
     </span>
     <span class='ocr_line' id='line_1_38' title="bbox 105 3815 1203 3886; baseline -0.004 -12"><span class='ocrx_word' id='word_1_331' title='bbox 105 3819 161 3886; x_wconf 84' lang='lat' dir='ltr'><strong>Quo</strong></span> <span class='ocrx_word' id='word_1_332' title='bbox 179 3836 222 3874; x_wconf 89' lang='lat' dir='ltr'><strong>me</strong></span> <span class='ocrx_word' id='word_1_333' title='bbox 241 3819 314 3873; x_wconf 81' lang='lat' dir='ltr'><strong>fama</strong></span> <span class='ocrx_word' id='word_1_334' title='bbox 331 3819 407 3872; x_wconf 88' lang='lat' dir='ltr'><strong>levat</strong></span> <span class='ocrx_word' id='word_1_335' title='bbox 425 3821 499 3873; x_wconf 91' lang='lat' dir='ltr'><strong>terra</strong></span> <span class='ocrx_word' id='word_1_336' title='bbox 518 3817 675 3872; x_wconf 90' lang='lat' dir='ltr'><strong>sublimis</strong></span> <span class='ocrx_word' id='word_1_337' title='bbox 693 3821 837 3872; x_wconf 87' lang='lat' dir='ltr'><strong>etame.</strong></span> <span class='ocrx_word' id='word_1_338' title='bbox 1030 3815 1079 3881; x_wconf 83' lang='lat' dir='ltr'><strong>Iv,</strong></span> <span class='ocrx_word' id='word_1_339' title='bbox 1117 3816 1141 3882; x_wconf 94' lang='lat'><strong>1,</strong></span> <span class='ocrx_word' id='word_1_340' title='bbox 1178 3817 1203 3872; x_wconf 89' lang='lat'><strong>9.</strong></span> 
     </span>
     <span class='ocr_line' id='line_1_39' title="bbox 104 3905 1204 3977; baseline -0.004 -13"><span class='ocrx_word' id='word_1_341' title='bbox 104 3907 322 3964; x_wconf 77' lang='lat' dir='ltr'><strong>Cnrfuribunda</strong></span> <span class='ocrx_word' id='word_1_342' title='bbox 340 3925 413 3962; x_wconf 90' lang='lat' dir='ltr'><strong>mero</strong></span> <span class='ocrx_word' id='word_1_343' title='bbox 431 3923 552 3962; x_wconf 91' lang='lat' dir='ltr'><strong>mensam</strong></span> <span class='ocrx_word' id='word_1_344' title='bbox 570 3907 742 3977; x_wconf 90' lang='lat' dir='ltr'><strong>propellis</strong></span> <span class='ocrx_word' id='word_1_345' title='bbox 761 3910 795 3961; x_wconf 91' lang='lat' dir='ltr'><strong>et</strong></span> <span class='ocrx_word' id='word_1_346' title='bbox 813 3907 848 3962; x_wconf 91' lang='lat' dir='ltr'><strong>in</strong></span> <span class='ocrx_word' id='word_1_347' title='bbox 866 3923 922 3961; x_wconf 92' lang='lat' dir='ltr'><strong>me.</strong></span> <span class='ocrx_word' id='word_1_348' title='bbox 1030 3905 1078 3970; x_wconf 85' lang='lat' dir='ltr'><strong>IV,</strong></span> <span class='ocrx_word' id='word_1_349' title='bbox 1116 3907 1141 3970; x_wconf 91' lang='grc'><strong>7,</strong></span> <span class='ocrx_word' id='word_1_350' title='bbox 1178 3907 1204 3960; x_wconf 85' lang='grc'><strong>3.</strong></span> 
     </span>
     <span class='ocr_line' id='line_1_40' title="bbox 105 3993 1204 4063; baseline -0.004 -11"><span class='ocrx_word' id='word_1_351' title='bbox 105 3998 160 4054; x_wconf 84' lang='lat' dir='ltr'><strong>Hoc</strong></span> <span class='ocrx_word' id='word_1_352' title='bbox 177 3998 255 4063; x_wconf 89' lang='lat' dir='ltr'><strong>mihi,</strong></span> <span class='ocrx_word' id='word_1_353' title='bbox 273 3999 423 4062; x_wconf 87' lang='lat' dir='ltr'><strong>Maecenas,</strong></span> <span class='ocrx_word' id='word_1_354' title='bbox 442 3997 532 4052; x_wconf 89' lang='lat' dir='ltr'><strong>laudis</strong></span> <span class='ocrx_word' id='word_1_355' title='bbox 549 3997 704 4052; x_wconf 91' lang='lat' dir='ltr'><strong>concedis</strong></span> <span class='ocrx_word' id='word_1_356' title='bbox 723 3999 756 4050; x_wconf 90' lang='lat' dir='ltr'><strong>et</strong></span> <span class='ocrx_word' id='word_1_357' title='bbox 774 4013 790 4050; x_wconf 93' lang='lat' dir='ltr'><strong>a</strong></span> <span class='ocrx_word' id='word_1_358' title='bbox 808 3999 889 4051; x_wconf 91' lang='lat' dir='ltr'><strong>test.</strong></span> <span class='ocrx_word' id='word_1_359' title='bbox 1031 3993 1079 4058; x_wconf 86' lang='lat' dir='ltr'><strong>IV,</strong></span> <span class='ocrx_word' id='word_1_360' title='bbox 1116 3995 1141 4059; x_wconf 90' lang='lat'><strong>8,</strong></span> <span class='ocrx_word' id='word_1_361' title='bbox 1161 3994 1204 4050; x_wconf 80' lang='lat'><strong>59.</strong></span> 
     </span>
     <span class='ocr_line' id='line_1_41' title="bbox 104 4083 1204 4158; baseline -0.004 -16"><span class='ocrx_word' id='word_1_362' title='bbox 104 4088 180 4142; x_wconf 86' lang='lat' dir='ltr'><strong>Solus</strong></span> <span class='ocrx_word' id='word_1_363' title='bbox 199 4087 396 4152; x_wconf 75' lang='lat' dir='ltr'><strong>mansuevit,</strong></span> <span class='ocrx_word' id='word_1_364' title='bbox 415 4087 521 4158; x_wconf 85' lang='lat' dir='ltr'><strong>qnando</strong></span> <span class='ocrx_word' id='word_1_365' title='bbox 539 4087 715 4157; x_wconf 89' lang='lat' dir='ltr'><strong>periturus</strong></span> <span class='ocrx_word' id='word_1_366' title='bbox 733 4089 766 4140; x_wconf 89' lang='lat' dir='ltr'><strong>et</strong></span> <span class='ocrx_word' id='word_1_367' title='bbox 784 4102 801 4140; x_wconf 85' lang='lat' dir='ltr'><strong>a</strong></span> <span class='ocrx_word' id='word_1_368' title='bbox 820 4101 890 4155; x_wconf 90' lang='lat' dir='ltr'><strong>qua.</strong></span> <span class='ocrx_word' id='word_1_369' title='bbox 1028 4083 1079 4148; x_wconf 89' lang='grc' dir='ltr'><strong>ΠΙ,</strong></span> <span class='ocrx_word' id='word_1_370' title='bbox 1099 4085 1142 4148; x_wconf 78' lang='grc'><strong>23,</strong></span> <span class='ocrx_word' id='word_1_371' title='bbox 1162 4085 1204 4138; x_wconf 92' lang='grc'><strong>11.</strong></span> 
     </span>
     <span class='ocr_line' id='line_1_42' title="bbox 174 4171 1241 4248; baseline -0.007 -16"><span class='ocrx_word' id='word_1_372' title='bbox 174 4179 201 4248; x_wconf 78' lang='grc' dir='ltr'><strong>β)</strong></span> <span class='ocrx_word' id='word_1_373' title='bbox 228 4177 262 4232; x_wconf 90' lang='grc' dir='ltr'><strong>Ιιι</strong></span> <span class='ocrx_word' id='word_1_374' title='bbox 280 4176 395 4232; x_wconf 89' lang='lat' dir='ltr'><strong>secundo</strong></span> <span class='ocrx_word' id='word_1_375' title='bbox 415 4193 477 4231; x_wconf 89' lang='lat' dir='ltr'><strong>casu</strong></span> <span class='ocrx_word' id='word_1_376' title='bbox 504 4193 550 4246; x_wconf 90' lang='lat' dir='ltr'><strong>pes</strong></span> <span class='ocrx_word' id='word_1_377' title='bbox 577 4180 669 4231; x_wconf 86' lang='lat' dir='ltr'><strong>sextus</strong></span> <span class='ocrx_word' id='word_1_378' title='bbox 696 4175 828 4230; x_wconf 86' lang='lat' dir='ltr'><strong>formatur</strong></span> <span class='ocrx_word' id='word_1_379' title='bbox 855 4174 958 4228; x_wconf 90' lang='lat' dir='ltr'><strong>dnobus</strong></span> <span class='ocrx_word' id='word_1_380' title='bbox 976 4171 1175 4243; x_wconf 81' lang='lat' dir='ltr'><strong>monosyllabis,</strong></span> <span class='ocrx_word' id='word_1_381' title='bbox 1194 4187 1241 4242; x_wconf 90' lang='lat' dir='ltr'><strong>pes</strong></span> 
     </span>
     <span class='ocr_line' id='line_1_43' title="bbox 174 4261 1241 4337; baseline -0.005 -17"><span class='ocrx_word' id='word_1_382' title='bbox 174 4283 236 4322; x_wconf 88' lang='lat' dir='ltr'><strong>vero</strong></span> <span class='ocrx_word' id='word_1_383' title='bbox 264 4266 378 4337; x_wconf 88' lang='lat' dir='ltr'><strong>quintus</strong></span> <span class='ocrx_word' id='word_1_384' title='bbox 404 4265 589 4336; x_wconf 81' lang='lat' dir='ltr'><strong>monosyllaba</strong></span> <span class='ocrx_word' id='word_1_385' title='bbox 617 4281 677 4320; x_wconf 86' lang='lat' dir='ltr'><strong>enm</strong></span> <span class='ocrx_word' id='word_1_386' title='bbox 709 4264 843 4335; x_wconf 90' lang='lat' dir='ltr'><strong>disyllaba</strong></span> <span class='ocrx_word' id='word_1_387' title='bbox 871 4281 933 4318; x_wconf 84' lang='lat' dir='ltr'><strong>voce</strong></span> <span class='ocrx_word' id='word_1_388' title='bbox 958 4263 1116 4326; x_wconf 88' lang='lat' dir='ltr'><strong>coniuncta,</strong></span> <span class='ocrx_word' id='word_1_389' title='bbox 1148 4261 1241 4332; x_wconf 89' lang='lat' dir='ltr'><strong>quales</strong></span> 
     </span>
     <span class='ocr_line' id='line_1_44' title="bbox 174 4356 481 4426; baseline 0 -16"><span class='ocrx_word' id='word_1_390' title='bbox 174 4356 291 4426; x_wconf 83' lang='lat' dir='ltr'><strong>legimns</strong></span> <span class='ocrx_word' id='word_1_391' title='bbox 309 4356 357 4410; x_wconf 93' lang='lat' dir='ltr'><strong>hos</strong></span> <span class='ocrx_word' id='word_1_392' title='bbox 375 4372 481 4411; x_wconf 84' lang='lat' dir='ltr'><strong>versus:</strong></span> 
     </span>
    </p>
   </div>
   <div class='ocr_carea' id='block_1_3' title="bbox 990 4527 1028 4585">
    <p class='ocr_par' dir='ltr' id='par_1_3' title="bbox 990 4527 1028 4585">
     <span class='ocr_line' id='line_1_45' title="bbox 990 4527 1028 4585; baseline 0 -25"><span class='ocrx_word' id='word_1_393' title='bbox 990 4527 1028 4585; x_wconf 64' lang='lat'><strong>4*</strong></span> 
     </span>
    </p>
   </div>
   <div class='ocr_carea' id='block_1_4' title="bbox 0 0 1507 5056">
    <p class='ocr_par' dir='ltr' id='par_1_4' title="bbox 0 0 1507 5056">
     <span class='ocr_line' id='line_1_46' title="bbox 0 0 1507 5056; baseline 0 0"><span class='ocrx_word' id='word_1_394' title='bbox 0 0 1507 5056; x_wconf 95' lang='lat' dir='ltr'><strong> </strong></span> 
     </span>
    </p>
   </div>
  </div>
 </body>
</html>
