2970 5056
709 345 931 412 ..54-

236 539 296 578 oum
323 523 519 593 praepositione
545 522 602 576 loco
631 521 801 592 paenultima
827 522 916 592 posita
943 521 1175 592 monosyllaba
1201 522 1341 592 iungatur,
1366 524 1396 576 ut

236 613 285 668 hoo
304 628 396 666 vomu:

272 701 305 758 Id
323 701 376 756 tibi
394 717 428 756 ne
447 716 529 754 vacuo
548 700 650 756 defluat
668 717 705 756 ex
723 701 847 766 animo;

238 791 282 846 111
299 791 384 846 etiam
403 806 580 858 magnacum
599 790 741 846 libertate:

273 881 387 934 Lumina
406 879 518 934 deiectis
537 881 627 949 turpia
646 881 722 934 sint
740 879 909 943 lacrimis;

238 985 317 1041 quom
340 969 421 1023 finam
449 968 519 1038 apud
548 968 687 1024 Tibullum
714 970 818 1039 quator,
846 967 917 1038 apud
944 968 1113 1039 Lygdamum
1131 969 1186 1034 bis,
1212 971 1289 1025 vicies
1308 973 1396 1041 quater

238 1057 309 1128 apud
326 1058 497 1128 Propertium
516 1057 674 1113 invenimus.
695 1057 844 1112 Secundum
862 1057 971 1112 modum
989 1057 1105 1112 alterum
1123 1062 1218 1128 poetae
1236 1075 1307 1114 votos
1324 1061 1395 1130 quat

238 1149 300 1202 tuor
318 1146 483 1218 syllabarum
502 1146 531 1202 iu
550 1147 602 1201 fine
620 1148 768 1216 posuerunt
786 1149 818 1200 111
835 1145 886 1200 hoo
904 1146 1053 1202 schemate:

273 1236 340 1290 Pars
359 1252 409 1304 ego
428 1252 486 1290 sum
505 1238 611 1290 vestrae
629 1236 749 1304 proxima
767 1235 940 1301 militiao3

238 1342 318 1398 quem
337 1325 460 1380 Tibullus
479 1325 569 1388 uicies,
588 1324 743 1394 Lygdamus
762 1325 911 1395 quinquies,
931 1325 1013 1379 semel
1030 1325 1158 1395 Sulpicia,
1176 1326 1327 1395 Propertius
1344 1341 1396 1380 oen·

238 1415 292 1469 ties
310 1413 489 1484 quinquagies
508 1413 550 1467 bis
569 1413 732 1468 carminibus
751 1415 930 1468 inseruerunt.
949 1413 1041 1468 Variis
1057 1417 1149 1470 autem
1166 1415 1328 1485 temporibus
1344 1431 1397 1484 poo-

239 1506 282 1558 tas
302 1502 406 1558 eosdem
425 1502 499 1556 varie
524 1501 557 1556 da
580 1503 630 1556 hoc
654 1502 707 1556 fine
733 1501 776 1571 (de
795 1503 857 1556 aliis
880 1504 974 1571 postea
992 1501 1152 1573 videbimus)
1172 1506 1292 1570 sensisse,
1311 1521 1340 1558 ex
1357 1504 1397 1557 illo

239 1592 353 1646 maxime
379 1591 479 1656 elucet,
505 1590 576 1662 qnod
594 1592 623 1645 in
641 1590 726 1660 primo
751 1589 821 1644 libro
839 1591 923 1644 istum
947 1591 1103 1660 Propertius
1128 1594 1247 1660 octogies
1270 1595 1357 1658 octies,
1374 1594 1398 1646 in

240 1681 335 1753 quinto
353 1683 462 1734 tantum
481 1684 576 1751 quator
595 1678 729 1734 adhibuit.
754 1679 798 1732 Sic
817 1679 901 1734 etiarn
918 1679 999 1734 finem
1018 1680 1134 1735 iustum:
1153 1681 1270 1736 Mundus
1288 1682 1398 1737 demissis

240 1771 352 1826 institor
371 1770 404 1824 in
423 1769 554 1823 tunicis
560 1790 567 1834 ;
587 1769 636 1823 hoo
648 1770 757 1824 tantmn
771 1783 847 1824 versu
866 1768 895 1822 iu
908 1769 1003 1838 quinto
1016 1768 1085 1824 libro
1104 1770 1147 1839 (V,
1160 1773 1187 1836 2,
1200 1772 1246 1840 38)
1264 1773 1398 1826 invenitur.

346 1859 373 1914 4.
391 1859 503 1913 Praeter
522 1858 569 1911 bos
587 1857 654 1912 fines
681 1856 825 1912 secundum
843 1856 951 1926 regulas
969 1859 1038 1912 artie
1056 1858 1184 1914 formatos
1203 1863 1305 1916 eeteros
1321 1861 1399 1915 minus

240 1949 378 2018 regulares
397 1945 620 2002 enumerabimus.

286 2039 313 2106 a)
350 2037 418 2103 Quia
437 2039 532 2106 poetae
552 2036 608 2090 loco
626 2033 833 2106 praepositionis
852 2037 916 2090 onte
935 2051 1024 2090 vocem
1044 2037 1215 2107 trisyllabum
1235 2038 1265 2093 in
1283 2038 1334 2093 fine
1351 2055 1399 2092 ver·

348 2142 393 2180 sus
412 2124 495 2180 aliam
520 2112 611 2179 vboem
634 2124 779 2180 admittere
803 2141 857 2179 non
880 2122 1053 2190 dubitarunt,
1077 2125 1222 2195 paullatim
1247 2128 1329 2182 etiam
1351 2127 1399 2182 loco

348 2213 526 2284 monosyllabi
545 2213 706 2284 disyllabum
724 2230 813 2268 vocem
831 2217 985 2282 posuerunt,
1004 2217 1036 2270 ut
1054 2215 1104 2269 hoc
1121 2232 1212 2270 versu:

278 2305 330 2374 Qui
348 2306 430 2360 maris
449 2307 477 2359 11
495 2305 589 2358 tristes
608 2303 677 2358 ferre
695 2305 810 2373 potest
827 2303 974 2372 pluvias,

245 2412 324 2468 quem
342 2395 423 2448 finem
441 2392 566 2449 Tibullus
584 2392 711 2447 adhibuit
729 2391 815 2446 decies
838 2393 930 2457 octies,
949 2391 1105 2462 Propertius
1124 2394 1206 2448 violas
1225 2395 1362 2467 quinquies
1377 2395 1403 2449 in

245 2485 323 2540 libris
342 2483 483 2554 prioribus,
503 2481 602 2536 nullibi
621 2483 650 2535 in
668 2479 870 2552 posterioribus,
889 2480 1043 2551 Lygdamus
1062 2482 1147 2536 solum
1165 2484 1215 2538 hoe
1235 2499 1324 2540 versu:

281 2573 466 2643 Junonemquo
485 2587 560 2626 suam
578 2587 677 2642 perque
696 2585 789 2625 suam
807 2569 979 2626 Venerem.
1276 2574 1300 2635 6,
1332 2573 1371 2628 48.

291 2661 319 2730 b)
355 2661 500 2716 Praeterea
523 2662 579 2714 tres
604 2659 781 2714 inveniuntur
803 2659 874 2728 apud
899 2659 1037 2714 Tibullum
1055 2675 1159 2725 versus,
1182 2661 1212 2714 in
1236 2661 1330 2732 quibus
1353 2660 1404 2713 loco
1473 2691 1474 2696 κ

352 2751 425 2806 vocis
452 2748 651 2820 monosyllabae
675 2749 718 2803 vol
745 2747 894 2819 disyllabus
921 2747 1078 2804 vocabulum
1104 2751 1233 2819 quattuor
1252 2749 1405 2820 syllabarum

352 2840 513 2911 positumst:
1275 2878 1283 2886 .

281 2931 377 2985 Dicere
395 2945 443 2984 nee
462 2942 527 2983 cano
545 2927 882 2998 blanditiascapiti.
1234 2929 1257 2994 I,
1295 2929 1372 2993 112.

282 3019 338 3075 Neo
355 3018 460 3087 ingiam
479 3019 560 3072 notae
579 3018 763 3073 servitium
782 3017 949 3074 dominae.
1208 3017 1256 3083 IV,
1276 3019 1317 3080 13,
1335 3017 1372 3071 22.

283 3109 361 3164 Fecit
379 3111 407 3163 11
426 3107 547 3178 antiquis
566 3106 726 3177 inposuit
744 3106 906 3161 Laribus.
1218 3107 1256 3172 II,
1293 3107 1373 3170 1611,

248 3213 359 3270 qnorum
377 3183 477 3266 priores
497 3194 627 3267 quomodo
654 3195 773 3250 excusari
795 3195 911 3264 possint,
931 3191 1075 3248 seeundum
1093 3195 1201 3263 regulas
1220 3195 1342 3250 metricas
1357 3210 1405 3248 non

247 3289 342 3359 liquet.

293 3378 318 3443 o)
353 3376 515 3445 Regularem
533 3374 614 3430 finem
632 3375 761 3444 quattuor
779 3371 943 3442 syllabarum
961 3374 1056 3442 poetae
1075 3373 1159 3428 otiam
1171 3373 1200 3426 in
1213 3372 1320 3428 vocibus
1336 3374 1406 3445 quin·

248 3481 300 3538 que
318 3465 483 3535 syllabarum
502 3463 692 3526 adhibuerunt,
712 3477 790 3532 quem
808 3462 889 3516 finem
914 3461 1038 3516 Tibullus
1057 3460 1185 3516 adhibuit
1202 3461 1258 3516 bis:

284 3554 438 3609 Pollicitast
456 3553 560 3621 magico
579 3567 646 3620 saga
664 3550 870 3605 ministerio.
1236 3550 1258 3615 I,
1294 3552 1318 3615 2,
1335 3551 1373 3605 42.

285 3643 352 3700 Cum
370 3659 429 3698 mea
447 3641 576 3696 ridebunt
594 3655 663 3695 vana
681 3639 893 3709 magisteria.
1235 3639 1258 3704 I,
1293 3640 1317 3705 4,
1334 3639 1373 3694 81

249 3731 404 3804 Lygdamus
422 3731 479 3786 bis:

285 3822 391 3876 Vanum
409 3820 547 3874 nootnmis
565 3817 641 3873 fallit
658 3816 881 3886 imaginibus.
1292 3817 1316 3882 4,
1333 3817 1372 3872 16.

285 3911 365 3982 Isque
383 3912 469 3978 pater,
489 3923 541 3979 qno
559 3923 613 3962 non
632 3907 702 3961 alter
721 3905 921 3960 amabilior.
1294 3906 1372 3968 114.

250 3999 405 4069 Propertius
423 3998 509 4052 decies
528 3998 619 4061 octies,
639 3998 667 4051 et
685 3994 793 4066 quidem
811 3995 903 4050 novies
921 3995 951 4049 iu
969 3991 1038 4050 libro
1056 3994 1154 4064 primo:

286 4087 448 4146 Contactam
465 4086 548 4140 uallis
567 4088 631 4140 ante
650 4081 883 4154 cupidinibus.
1252 4123 1258 4147 ,

287 4179 347 4232 11111
366 4175 454 4245 ampla
473 4176 541 4230 satis
559 4175 644 4229 forma
662 4173 847 4244 pudicitia.
1254 4211 1260 4235 ,

288 4267 381 4324 Nescit
400 4281 473 4322 amor
491 4264 586 4334 priscis
604 4261 695 4318 cedere
714 4259 937 4331 imaginibus.
1254 4299 1262 4325 ,

289 4354 396 4413 Occidit
413 4353 532 4424 Argiuae
550 4351 624 4408 111111
640 4349 854 4422 pudicitiae.
1255 4388 1266 4414 ,

1294 4061 1322 4147 1,’
1365 4123 1372 4140 .

1296 4172 1317 4236 1,
1365 4215 1371 4227 .

1296 4260 1311 4314 1

1282 4301 1318 4414 n:
