2970 5056
570 360 788 426 ..53-

144 537 230 592 Infelix
246 537 352 608 Aquilo,
370 539 466 606 raptae
483 536 774 606 timorOrithyiae.
1036 540 1083 605 IV,
1121 541 1146 606 6,
1185 543 1226 598 13.

143 627 188 680 llla
204 629 263 690 ruit,
282 627 371 697 qualis
390 627 502 680 celerem
521 643 602 695 prope
621 626 874 681 Thermodonta.
1051 629 1084 694 V,
1121 630 1147 695 4,
1185 630 1226 686 71.

144 715 204 769 Sunt
220 716 287 784 apud
305 715 426 768 infernos
444 718 489 768 tot
506 715 584 769 milia
602 715 831 770 formosarum.
1031 717 1083 780 111,
1103 719 1146 782 26,
1201 721 1227 785 3;

107 819 167 873 quos
183 807 223 858 111
239 809 347 874 propter
365 804 475 858 nomina
492 805 599 873 propria
617 807 646 858 et
664 802 773 869 Graeca,
793 805 836 858 111
854 807 962 874 propter
980 804 1110 860 duritiem
1129 807 1263 877 quandam

107 892 200 960 elegiae
217 893 361 947 excusabis.

202 983 347 1052 Postquam
371 983 421 1036 hoc
444 980 523 1035 modo
540 981 653 1034 metrica
675 985 814 1050 poetarum
831 983 922 1037 studia
940 985 969 1038 iu
988 985 1122 1052 fingendis
1141 985 1264 1040 hexame-

106 1073 197 1124 trorum
214 1071 311 1125 iinibus
329 1072 566 1140 perlustravimus,
585 1069 766 1135 fatendumst,
785 1087 848 1139 prae
867 1072 963 1126 ceteris
982 1073 1150 1142 Lygdamum
1169 1075 1264 1129 stricte

107 1159 203 1226 regulas
220 1177 346 1223 servasse,
366 1161 413 1230 qui
431 1160 474 1213 val
492 1161 521 1212 iu
539 1159 582 1223 iis,
602 1161 649 1230 qni
668 1160 811 1214 secundum
829 1161 936 1229 regulas
955 1159 1065 1215 formari
1083 1165 1199 1230 possent,
1218 1179 1263 1233 op-

107 1249 191 1314 timos,
222 1250 327 1302 omissis
364 1249 453 1302 minus
489 1248 594 1301 limatis
632 1248 799 1313 adhibuerit;
833 1249 1001 1303 laudatorem
1034 1249 1175 1305 Messallae
1207 1267 1264 1307 sae·

105 1337 159 1405 pins
175 1339 267 1392 ceteris
288 1337 401 1392 liberius
419 1354 447 1392 11
471 1337 600 1406 gessisse,
626 1337 796 1407 Propertium
818 1338 972 1392 nominibus
997 1340 1112 1409 propriis
1130 1339 1264 1395 adhibitis

106 1442 177 1497 saepe
193 1429 310 1482 excusari
328 1443 412 1496 porse.

632 1638 660 1722 a.
694 1640 723 1703 1.

412 1783 459 1836 De
482 1781 618 1836 finibus
641 1783 941 1850 pentametrorum.

200 1908 233 1961 In
251 1905 410 1960 definiendis
433 1906 554 1959 metricis
581 1907 810 1974 pentametrorum
837 1906 936 1961 finibus
955 1905 1062 1961 easdem
1081 1908 1188 1976 regulas
1207 1923 1264 1962 esse

9 2047 10 2050 ,
105 1994 274 2060 adhibendas,
299 2011 365 2064 quas
388 2011 435 2064 pro
453 1994 616 2048 hexametris
640 1995 820 2062 exposuimus,
846 1995 876 2048 L.
896 1995 1041 2051 Muellerus
1070 1996 1138 2051 satis
1157 1995 1264 2051 demon-

105 2086 202 2148 strarit,
220 2084 301 2138 simul
319 2100 425 2137 caussas
443 2099 584 2151 exponens,
603 2099 649 2137 cnr
667 2086 762 2151 poetae
781 2100 840 2138 earn
858 2085 989 2153 optimam
1001 2085 1197 2140 conclusionem
1216 2101 1264 2155 pu-

105 2175 234 2238 tavissent,
254 2174 368 2244 quaein
388 2189 450 2226 voce
469 2170 604 2240 disyllaba
624 2170 739 2225 desinat.

201 2283 225 2334 1.
244 2281 312 2334 Prae
331 2281 428 2334 ceteris
446 2280 493 2332 illa
511 2279 573 2332 finis
592 2295 607 2332 a
625 2279 713 2347 poetis
737 2279 892 2346 adhibetur,
919 2297 971 2351 qno
996 2297 1087 2336 versus
1104 2279 1206 2336 duobus
1225 2279 1264 2334 di·

102 2367 207 2437 syllabis
223 2369 327 2431 finitur,
346 2371 379 2421 nt
397 2367 446 2421 boc
465 2384 557 2421 versu:

134 2456 226 2511 Vivam
244 2459 268 2510 si
286 2457 376 2520 rivet,
395 2457 418 2510 si
437 2455 517 2508 cadat
535 2455 601 2510 illa
619 2455 746 2522 cadam;

103 2547 145 2615 qui
160 2547 219 2600 finis
238 2545 309 2615 apud
332 2545 464 2613 elegiacos
482 2561 573 2598 omnes
592 2548 694 2600 ceteras
713 2546 812 2601 formas
829 2563 939 2601 numero
959 2549 1058 2618 aequat
1077 2547 1120 2601 vel
1138 2547 1263 2617 suparat;

9 2660 10 2678 1
104 2635 245 2689 invenimus
263 2651 323 2688 eum
349 2633 503 2687 adhibitum
522 2634 592 2703 apud
611 2635 782 2704 Propertium
800 2635 900 2690 millies
920 2635 1014 2700 decies,
1034 2635 1104 2705 apud
1124 2637 1264 2692 Tibullum

11 2770 13 2779 .
103 2726 235 2778 trecenties
248 2724 368 2792 octogies
380 2724 488 2791 septies,
508 2722 578 2792 apud
592 2723 761 2793 Lygdamum
774 2725 903 2793 octogies,
923 2724 1009 2779 decies
1022 2725 1092 2794 apud
1106 2725 1261 2795 Sulpiciam.

198 2833 222 2885 2.
242 2831 312 2896 Quia
331 2845 393 2883 vero
411 2830 496 2882 etiam
514 2828 615 2884 formae
634 2829 769 2897 longiores
787 2830 844 2883 loco
863 2829 1031 2898 paenultimo
1050 2829 1163 2885 admitti
1181 2831 1263 2885 immo

103 2919 166 2974 idam
193 2937 253 2974 cum
281 2917 423 2987 disyllabis
441 2919 483 2971 ina
502 2917 555 2971 sibi
574 2917 710 2972 vindicare
728 2923 848 2988 possunt,
867 2935 921 2972 non
940 2922 982 2973 est
999 2919 1105 2984 mirum,
1125 2933 1202 2974 voces
1221 2919 1263 2974 vel

103 3009 191 3074 trium,
216 3009 260 3062 111
279 3011 421 3078 quattuor,
446 3007 490 3061 val
509 3009 627 3077 quinque
652 3007 817 3078 syllabarum
841 3024 888 3078 pro
916 3007 1058 3079 disyllabis
1085 3007 1262 3078 paenultimis

102 3098 217 3154 inveniri.

139 3190 164 3257 a)
199 3187 325 3242 Formam
343 3186 430 3254 igitur
448 3186 570 3254 primam,
589 3185 653 3240 huic
671 3187 759 3240 versui
778 3187 907 3240 similem:

131 3277 168 3332 Tu
187 3292 293 3348 qnoque
312 3275 430 3338 devotos,
450 3275 561 3340 Bacche,
580 3276 737 3345 relinque
755 3275 852 3329 lacus
859 3297 866 3340 ;

99 3365 243 3421 invenimus
262 3365 364 3418 centies
388 3363 475 3418 decies
498 3365 640 3434 quinquies
658 3363 729 3432 apud
748 3362 893 3426 Tibullum,
913 3361 1073 3432 quadragies
1092 3361 1174 3416 semel
1193 3360 1264 3431 apud

99 3453 276 3524 Lygdamum,
296 3453 437 3522 quinquies
456 3452 527 3521 apud
546 3453 700 3521 Sulpiciam,
720 3452 868 3506 sexcenties
887 3451 969 3507 sanuel
988 3449 1059 3520 apud
1077 3451 1248 3520 Propertium
1254 3471 1261 3515 3

138 3545 162 3611 b)
201 3544 314 3597 formam
332 3541 484 3605 secundam,
504 3558 585 3611 qnam
603 3541 652 3595 hoc
671 3558 748 3595 versu
767 3542 933 3594 invenimus:

128 3634 209 3702 Signa
228 3647 303 3685 meae
322 3630 431 3684 dextrae
451 3633 504 3684 iarn
522 3631 703 3684 morientis
722 3633 836 3694 erunt3

100 3721 216 3776 Tibullus
244 3721 436 3791 quinquagies,
455 3718 611 3789 Lygdamus
629 3723 684 3784 ter,
704 3719 823 3788 Sulpicia
843 3719 932 3783 semel,
952 3718 1109 3788 Propertius
1127 3715 1214 3772 decies
1233 3719 1262 3771 et

99 3813 191 3865 centies
209 3813 369 3879 posuerunt;

135 3901 159 3970 a)
195 3900 315 3962 tertiam,
334 3900 409 3952 cuins
428 3898 534 3952 schema
552 3897 601 3951 hoc
620 3900 676 3952 est:

128 3989 224 4042 Mortis
242 3987 276 4041 ab
295 3991 414 4041 extrema
432 3985 635 4040 condicione
653 3987 790 4049 vacant;

101 4075 216 4131 Tibullus
235 4075 362 4130 adhibuit
383 4076 514 4144 nonagies
531 4075 587 4139 bis,
612 4073 768 4144 Lygdamus
786 4073 924 4138 undecies,
944 4073 1063 4142 Sulpicia
1082 4076 1132 4138 ter,
1152 4073 1264 4141 Proper·

100 4167 149 4220 tius
166 4168 276 4220 tantum
295 4165 475 4234 quinquagies
494 4165 585 4217 octies.

197 4274 222 4327 3.
242 4271 302 4325 Duo
321 4271 371 4325 alii
389 4270 470 4335 modi,
497 4270 593 4340 quibus
612 4269 776 4340 pentametri
799 4268 873 4322 finiri
891 4271 1012 4337 possunt,
1031 4269 1085 4322 iam
1105 4268 1200 4336 exponi
1219 4266 1264 4322 de·

100 4359 166 4426 baut,
184 4377 296 4433 qnorum
319 4361 422 4430 primus
440 4361 482 4414 ita
500 4359 633 4414 formatur
650 4361 683 4413 ut
701 4374 751 4414 vor
770 4359 854 4413 trium
872 4357 1038 4430 syllabarum
1056 4358 1085 4414 in
1103 4356 1157 4410 fine
1175 4356 1265 4431 posita
