2970 5056
526 405 746 473 ..17-

148 584 174 639 6.
212 583 362 652 Supersunt
379 599 472 637 versus
491 580 581 636 decem
592 581 727 650 Properti,
746 598 815 636 unus
833 580 975 650 Lygdami,
998 584 1054 636 tres
1071 581 1222 636 laudatoris

50 673 193 739 llessallue,
215 673 313 742 quibus
330 675 439 741 propter
457 671 546 726 varias
565 671 685 725 rationes
711 670 931 740 semiseptenaria
949 670 1068 725 tribuere
1086 669 1220 724 debemus.

51 761 174 816 Numeros
193 778 325 826 versuum,
345 777 378 814 ne
396 761 505 829 longius
523 777 580 814 rem
598 763 753 824 tractemus,
774 760 951 829 adponemus;
970 759 1040 829 apud
1051 759 1221 829 Propertium

51 849 70 914 Ι,
87 851 112 914 4,
131 853 182 914 21;
201 853 227 916 9,
247 851 297 914 13;
318 850 359 914 18,
379 851 409 914 5;
429 851 466 914 II,
485 851 511 914 4,
531 852 562 914 9;
581 849 633 914 ΙΠ,
655 850 679 913 7,
699 850 746 914 17,
775 851 801 913 8,
820 850 869 914 55;
897 852 1008 914 26,11;
1036 850 1146 914 27,17;
1173 849 1221 913 IV,

52 941 72 1002 1,
84 939 131 1004 43;
152 939 194 1003 15,
208 940 257 1004 25;
270 939 304 1002 V,
317 939 342 1004 5,
354 940 403 1003 43;
423 939 494 1008 apud
507 939 659 1008 Lygamum
671 940 696 1002 3,
711 941 740 1003 1,
759 939 789 992 in
802 938 883 992 laude
895 939 1037 994 Messallae
1050 939 1148 1004 8,147,
1161 938 1221 993 204.

152 1031 177 1083 7.
213 1029 255 1082 De
274 1029 371 1082 ceteris
390 1029 506 1083 caesuris
525 1028 590 1098 quid
608 1027 721 1097 proferri
740 1029 835 1097 possit,
855 1028 973 1083 breviter
997 1027 1092 1096 erponi
1110 1030 1221 1096 postest,

53 1117 108 1186 quia
125 1120 234 1187 praeter
253 1133 334 1170 unum
354 1117 505 1172 laudatoris
523 1118 665 1176 Messallae
684 1134 804 1172 versum:

151 1207 213 1261 Non
231 1223 306 1260 amor
324 1209 353 1260 et
371 1207 484 1262 fecunda
502 1207 661 1262 Atlantidos
680 1224 745 1262 arva
763 1207 895 1277 Calypsus
915 1207 957 1271 77,
976 1206 1006 1260 in
1019 1221 1070 1276 qno
1083 1221 1160 1260 versu
1179 1221 1222 1260 ec-

54 1293 107 1348 dem
124 1295 203 1350 modo
221 1312 253 1348 ao
270 1296 300 1350 in
319 1296 442 1366 Properti
460 1298 498 1362 ΙΙ,
517 1299 542 1362 3,
562 1299 610 1351 31:

151 1385 207 1438 Nec
226 1401 329 1453 semper
346 1385 484 1440 nobiscum
495 1387 613 1441 humana
625 1385 726 1440 cubilia
739 1385 825 1449 vises:
844 1385 1038 1455 semiquinaria
1051 1383 1115 1454 poni
1134 1383 1221 1449 debet,

58 1489 119 1541 quae
137 1474 214 1541 Prop.
233 1473 282 1537 IV,
303 1475 327 1538 1,
346 1475 394 1528 29:

152 1564 375 1634 Deiphobumque
393 1564 578 1634 Helenumque
596 1567 624 1619 et
642 1564 840 1633 Polydamanta
859 1567 887 1618 et
905 1564 934 1618 in
947 1563 1045 1628 armis;
1064 1563 1149 1617 etiam
1163 1562 1222 1617 vin·

57 1650 132 1706 dicari
150 1653 238 1718 debet,
257 1654 286 1707 in
307 1653 410 1708 Tibulli
429 1654 592 1708 carminibus
616 1655 688 1708 nihil
705 1654 854 1718 invenitur,
881 1653 914 1707 de
939 1670 990 1723 quo
1018 1653 1134 1722 emplius
1152 1655 1223 1706 trac·

58 1740 161 1795 tendum
179 1745 257 1796 esset.
295 1742 363 1796 Octo
382 1759 444 1796 vero
463 1743 534 1811 apud
552 1743 723 1812 Propertium
742 1743 872 1810 leguntur
892 1759 989 1806 versus,
1010 1742 1056 1810 qui
1077 1756 1169 1795 revera
1181 1756 1222 1793 so-

58 1827 105 1881 lam
121 1847 255 1885 caesuram
273 1831 418 1885 femineam
436 1831 597 1896 admittunt,
617 1849 631 1886 e
652 1832 749 1902 quibus
768 1835 898 1901 quattuor
916 1833 1023 1900 practer
1034 1831 1110 1884 illam
1130 1845 1222 1883 secun·

60 1913 125 1971 daria
143 1921 336 1976 trithemimeri
354 1920 473 1990 praediti
492 1924 572 1976 runt:

89 2007 137 2061 Seu
154 2009 222 2062 rnibi
241 2013 306 2064 sunt
323 2012 335 2076 s
353 2010 490 2078 tangenda
508 2012 529 2078 l!
547 2026 674 2065 novercae
693 2011 787 2079 pocula
799 2009 937 2064 Phaedrae
1025 2009 1062 2072 H,
1100 2011 1124 2072 1,
1143 2007 1186 2062 51.

89 2094 144 2150 Non
163 2098 262 2152 ferrum
280 2100 291 2165 1
309 2098 452 2166 crudele‘ls
470 2116 555 2169 neque
574 2103 646 2154 esset
665 2099 763 2154 bellica
780 2099 866 2153 navis.
1009 2099 1062 2160 111,
1099 2099 1124 2163 7,
1144 2098 1186 2152 43.

89 2183 219 2254 dpereat
236 2192 248 2257 l
266 2189 417 2258 quicunqne
435 2190 457 2255 ll
474 2205 592 2242 meracas
611 2189 730 2266 repperit
748 2205 821 2242 uvas.
1009 2189 1062 2252 111,
1081 2189 1124 2251 31,
1144 2188 1187 2241 27.

90 2272 126 2327 Ut
142 2277 241 2331 nostris
258 2279 270 2344 l
287 2277 435 2331 tumefacta
453 2279 474 2345 ll
492 2277 630 2347 superbiat
647 2277 760 2332 Umbria
779 2277 865 2331 libris.
1028 2277 1061 2341 V,
1099 2280 1124 2340 1,
1143 2276 1185 2330 63.

157 2365 225 2419 Loco
253 2365 461 2420 trithemimeris
491 2366 520 2420 in
548 2365 650 2420 duobus
678 2366 798 2420 versibus
827 2364 940 2420 secunda
971 2364 1087 2419 feminea
1115 2379 1223 2418 caesura

63 2451 180 2516 positast:

93 2540 154 2596 Cum
172 2548 200 2598 te
218 2544 300 2598 iussit
318 2548 329 2614 J
347 2545 445 2599 habere
463 2546 484 2613 ll
502 2544 619 2614 puellam
638 2561 735 2598 cornua
754 2544 829 2598 luno.
1009 2543 1062 2608 III,
1081 2545 1124 2607 31,
1162 2544 1186 2597 9.

13 2633 14 2654 ³
92 2629 126 2685 ut
143 2634 266 2701 graviora
284 2635 295 2700 l
312 2634 436 2703 rependit
453 2635 474 2700 ll
491 2634 594 2703 iniquis
612 2650 695 2703 pensa
717 2634 851 2703 quasillis.
1029 2633 1062 2697 V,
1100 2633 1124 2697 7,
1142 2633 1185 2687 41.

13 2717 14 2740 ³
158 2722 278 2776 Secunda
296 2739 404 2777 caesura
422 2723 530 2776 omnine
549 2721 609 2777 dest
627 2723 656 2776 in
675 2739 767 2776 versu:

93 2807 148 2864 Non
165 2828 207 2866 me
225 2811 343 2866 moribus
361 2812 409 2866 illa
427 2814 448 2880 sl
466 2811 512 2866 sed
530 2812 621 2866 herbis
639 2811 752 2882 inproba
771 2811 847 2865 vicit.
1030 2810 1078 2874 IV,
1098 2811 1123 2874 5,
1143 2811 1186 2865 25.

13 2913 15 2964 ι
157 2901 280 2970 Denique
292 2918 375 2955 unum
388 2918 493 2955 versum
507 2900 678 2970 adpouemua,
701 2901 756 2970 qui,
775 2901 800 2954 si
812 2899 883 2969 apud
896 2899 1034 2953 Tibullum
1045 2899 1224 2964 inveniretur,

13 2985 14 3068 ζ
65 2999 193 3043 acaesura
211 2989 329 3043 feminea
347 2989 466 3044 inmunis
485 2989 636 3043 existimari
654 2992 752 3058 posset,
779 2988 822 3042 cui
841 2991 943 3053 tomen,
969 2987 1033 3058 quia
1050 2987 1080 3042 in
1099 2988 1224 3058 Properti

65 3077 213 3132 carminibus
232 3081 329 3142 exstat,
348 3078 491 3132 femineam
511 3079 629 3132 tribuere
648 3077 802 3132 debeamus:

95 3164 143 3220 Tot
158 3170 251 3221 noctes
268 3167 383 3236 periere;
401 3167 473 3221 nihil
491 3167 593 3236 pudet?
612 3167 717 3236 adspice
736 3170 838 3221 cantat.
1028 3167 1081 3230 ΙΙΙ,
1102 3166 1144 3231 14,
1162 3165 1187 3220 b.

158 3257 256 3310 Nescio
274 3273 309 3310 an
327 3257 399 3310 idem
418 3256 559 3310 dicendum
578 3257 616 3311 sit
634 3256 666 3310 de
685 3274 763 3310 versu
780 3256 819 3320 Π,
838 3255 863 3321 5,
882 3257 912 3309 3:

13 3297 15 3450 i
94 3341 160 3400 Haec
177 3346 263 3401 merui
281 3347 405 3414 sperare?
424 3346 502 3400 dabis
520 3346 597 3409 mihi,
616 3346 725 3415 perfida,
745 3361 851 3415 poenas.

158 3435 182 3489 8.
219 3434 259 3488 Ut
285 3435 375 3489 omnia
406 3451 573 3488 caesurarum
604 3436 724 3505 exempla
754 3433 928 3504 complevisse
960 3433 1111 3497 videamur,
1141 3450 1223 3489 unum

66 3524 200 3592 exemplum
228 3524 374 3589 afferemus,
402 3524 449 3579 ubi
472 3525 548 3578 nulla
576 3525 684 3580 omnino
712 3541 820 3579 caesura
847 3523 965 3578 inueniri
991 3526 1090 3592 potest,
1118 3540 1222 3579 versum

65 3605 190 3680 Properti:

95 3699 172 3766 Quem
191 3701 268 3756 modo
286 3702 392 3758 felicem
409 3703 514 3758 invidia
532 3703 684 3758 admirante
705 3703 838 3759 ferebant.
1028 3704 1080 3769 ΙΠ,
1100 3706 1125 3767 9,
1145 3705 1186 3759 11.

67 3801 135 3854 quarn
151 3791 265 3846 formam
284 3793 367 3847 ceteri
385 3793 540 3847 cautissime
559 3793 690 3847 vitarunt.

159 3883 185 3936 9.
221 3881 250 3935 Si
269 3898 330 3935 vero
349 3881 383 3935 ad
401 3883 527 3936 ultimam
545 3885 650 3951 partem
678 3882 758 3936 buius
777 3881 875 3951 capitis
892 3882 1077 3952 perveniamus
1096 3885 1125 3936 et
1142 3883 1223 3937 colla·

66 3963 155 4023 tionem
172 3973 320 4040 poetarum,
339 3972 445 4041 qualem
464 3989 478 4025 e
497 3965 659 4026 carminibus
678 3971 764 4025 facere
782 3988 928 4040 possumus,
957 3988 1038 4041 quum
1057 3971 1089 4025 de
1108 3972 1225 4027 caesuris

67 4050 194 4125 loquimur,
212 4060 398 4125 instituamus,
417 4060 546 4114 facillime
564 4061 711 4129 perspicere
729 4077 876 4128 possumus,
900 4061 1038 4114 Tibullum
1051 4077 1113 4130 prae
1126 4061 1224 4116 ceteris

67 4155 174 4203 caesuras
192 4150 435 4219 semiseptenarias,
455 4167 521 4219 quas
539 4149 659 4212 admisit,
684 4150 726 4204 ita
744 4149 881 4214 formasse,
907 4153 940 4203 nt
958 4165 1079 4204 caesuras
1097 4154 1126 4204 et
1144 4150 1223 4204 semi·

67 4231 201 4292 lemanem
228 4242 257 4292 et
283 4239 447 4293 trochaicam
464 4242 526 4308 post
554 4239 664 4292 tertiam
692 4238 791 4292 thesin:
819 4239 952 4307 posuerit;
981 4239 1094 4294 eundem
1121 4241 1223 4293 ceteras

68 4335 158 4396 quoque
176 4327 283 4392 formas,
305 4328 410 4396 parcius
429 4345 491 4382 vero
510 4344 590 4396 quarn
617 4327 864 4396 semiseptenariam
883 4344 943 4381 curu
961 4326 1157 4390 semiternaria,
1176 4326 1223 4380 ad-

67 4407 188 4482 hibuisse:
205 4416 374 4488 Lygdamum
392 4417 506 4486 primam
524 4416 638 4470 formam
656 4416 712 4471 fere
730 4417 838 4471 omniuo
857 4417 994 4481 abiecisse,
1013 4421 1114 4471 ceteras
1131 4419 1223 4472 umen
