2970 5056
733 405 952 472 ..43-

257 581 325 636 alias
344 581 399 636 alio
416 580 494 636 modo
512 580 676 636 carminibus
694 581 854 646 inseruisse;
873 581 981 636 laudem
998 580 1140 636 Messallae
1164 581 1281 651 proxime
1300 581 1418 636 abesses

257 670 419 726 carminibus
438 671 552 734 Tibulli;
575 671 689 725 maxime
708 686 724 724 a
742 670 877 740 Lygdami
895 670 1016 725 versibus
1022 692 1029 735 ;
1047 671 1217 740 Propertium
1235 675 1263 725 et
1281 671 1312 725 in
1327 669 1419 724 admit·

257 759 348 814 tendis
366 760 441 814 etin
459 758 607 814 formandis
625 761 740 814 caesana
758 759 988 828 semiseptenariis
1007 759 1147 828 Lygdamo
1176 761 1348 814 simillimum
1373 757 1419 811 eri-

257 851 336 912 stere,
355 864 408 901 una
426 850 517 902 tamen
536 864 564 901 re
583 847 617 902 ab
636 847 760 902 omnibus
779 848 894 913 differre,
920 847 991 918 quod
1008 848 1139 918 plurimos
1158 865 1248 903 versus
1266 847 1420 916 semiquina-

256 938 326 992 riam
344 937 514 991 continentes
531 937 572 991 ita
586 937 751 1003 formaverit,
770 941 803 992 ut
821 937 877 991 alia
895 953 1005 991 caesura
1023 938 1136 992 admitti
1154 942 1275 1008 nequeat.
1296 936 1420 1004 Regulam

256 1027 352 1096 igitur,
371 1043 450 1096 quam
470 1026 594 1080 Tibullus
612 1027 642 1080 in
660 1026 806 1081 formandis
826 1027 1056 1095 semiseptenariis
1074 1027 1208 1092 adhibuit,
1227 1027 1380 1096 Propertius
1396 1024 1420 1076 iu

257 1115 465 1185 semiquinariis,
484 1114 639 1184 Lygdamus
651 1115 682 1168 in
693 1116 798 1170 neutris
810 1128 891 1185 probe
904 1118 1087 1170 servaverunt.
1106 1116 1237 1186 Denique,
1256 1117 1277 1169 si
1290 1115 1420 1184 pulchram

257 1204 404 1259 carminum
422 1202 539 1258 indolem
558 1221 605 1273 per
623 1221 744 1258 caesuras
764 1207 881 1258 creatam
899 1205 1082 1274 inspiciamus,
1106 1205 1193 1260 facere
1212 1221 1263 1259 non
1280 1217 1420 1274 possumus,

257 1291 323 1362 quin
351 1290 489 1345 Tibullum
517 1291 614 1346 ceteris
640 1292 829 1361 praeferamus,
859 1296 895 1357 et,
925 1309 1085 1362 quamquam
1116 1293 1212 1348 ceteris
1238 1293 1266 1347 in
1292 1290 1420 1361 capitibus

256 1380 425 1450 Lygdamum
452 1381 611 1434 severiorem
638 1381 828 1445 invenerimus,
857 1381 907 1434 hac
933 1381 963 1434 iu
981 1398 1009 1436 re
1036 1381 1121 1435 istum
1141 1382 1248 1435 Tibullo
1274 1382 1318 1436 vel
1345 1379 1420 1433 ctiam

256 1468 392 1524 laudatori
410 1469 552 1523 Messallae
569 1469 781 1538 postponendum
805 1473 834 1523 et
852 1470 897 1524 vix
915 1470 1055 1538 Propertio
1073 1470 1275 1539 praeferendum
1292 1485 1350 1525 esse
1368 1483 1420 1520 cen-

257 1575 369 1612 scamus.

643 1899 784 2002 caput
812 1900 1037 2002 quartum.

520 2119 571 2175 De
593 2119 721 2175 finibus
743 2119 905 2176 ordinum
927 2118 1159 2175 metricorum.

801 2309 926 2390 ar..

486 2485 531 2538 Dc
562 2483 694 2539 finibus
728 2499 884 2538 versuum
915 2484 1196 2540 hexametrorum.

363 2625 477 2681 Ordines
489 2626 622 2690 metricos,
637 2643 719 2696 quum
730 2626 773 2680 vel
790 2642 837 2694 per
849 2642 970 2680 caesuras
984 2627 1027 2681 vel
1039 2644 1085 2696 per
1097 2643 1220 2681 versuum
1230 2628 1296 2682 fines
1309 2624 1418 2681 effician-

256 2719 309 2779 tur,
329 2715 401 2770 inter
419 2733 447 2770 se
466 2715 554 2769 varios
573 2732 638 2780 esse,
657 2719 721 2768 ante
740 2731 862 2769 caesuras
881 2715 1002 2784 singulos
1021 2719 1130 2770 tantum
1148 2716 1229 2786 pedes
1247 2715 1376 2786 amplecti,
1392 2711 1418 2764 iu

256 2806 309 2860 fine
327 2821 451 2858 versuum
470 2803 504 2857 ad
522 2821 605 2858 unum
623 2803 818 2873 dimidiumque
836 2804 970 2872 pertinere
997 2822 1013 2858 a
1032 2805 1062 2858 L.
1081 2805 1210 2859 Muellero
1230 2809 1302 2862 recte
1320 2805 1419 2859 demon·

256 2897 408 2949 stratumst.
439 2892 596 2962 Adsumptis
614 2893 702 2962 igitur
720 2893 830 2961 regulis,
850 2910 916 2963 quas
934 2893 1007 2948 idem
1026 2893 1050 2948 d.
1070 2912 1091 2948 r.
1110 2911 1145 2948 m.
1164 2912 1189 2964 p.
1210 2897 1262 2950 208
1281 2912 1318 2964 sq.
1337 2894 1367 2948 de
1384 2905 1419 2943 re·

256 2983 396 3052 gularibus
414 2999 537 3036 versuum
556 2982 654 3036 finibus
673 2982 803 3052 exposuit,
828 2982 906 3037 nobis
930 2983 1155 3052 inquirendumst,
1180 2984 1310 3054 quomodo
1333 2983 1419 3052 poetae

256 3071 369 3140 elegiaci
388 3088 510 3126 versuum
535 3074 564 3125 et
588 3072 757 3126 metricorum
783 3072 878 3126 finium
901 3072 1033 3127 clausulas
1057 3073 1242 3128 formaverint.
1280 3075 1319 3128 De
1337 3068 1420 3142 paucis

255 3161 389 3230 Sulpiciae
416 3159 537 3214 versibus
564 3160 594 3214 in
621 3160 656 3214 iis
675 3163 785 3214 tautum
804 3161 884 3226 locis,
912 3160 959 3214 ubi
986 3179 1002 3216 a
1029 3162 1131 3231 regulis
1159 3162 1267 3216 deviare
1295 3161 1419 3218 videntur,

255 3251 402 3321 loquemur.

364 3342 388 3394 1.
424 3340 477 3393 Pro
496 3339 581 3408 prima
599 3340 702 3408 regula,
722 3356 845 3394 versuum
864 3343 893 3394 et
905 3342 991 3410 primo
1010 3340 1118 3410 quidem
1131 3341 1345 3396 hexametrorum
1362 3340 1420 3393 fines

255 3445 302 3500 per
320 3427 401 3483 verba
419 3432 536 3482 metrum
554 3429 730 3498 exsequentia
750 3428 868 3494 fonnari,
896 3429 1011 3498 plurima
1036 3428 1107 3498 apud
1134 3446 1225 3484 omues
1252 3430 1421 3484 inveniuntur

256 3518 385 3586 exempla,
404 3518 454 3571 hoc
472 3516 549 3570 modo
571 3515 701 3571 fornrata:
1074 3585 1076 3590 Α

362 3605 476 3674 Frigida
494 3608 552 3658 tam
567 3605 666 3659 multos
685 3605 789 3674 placuit
807 3606 862 3660 tibi
881 3606 901 3662 C
907 3607 1022 3676 ysicus
1040 3624 1147 3662 annos
1153 3628 1160 3672 3
1180 3608 1226 3677 qui
1240 3625 1330 3663 versus
1343 3606 1420 3661 exitus

255 3694 285 3748 in
305 3694 407 3748 Tibulli
426 3694 589 3748 carminibus
607 3694 747 3748 invenitur
760 3695 897 3750 ducenties
911 3697 1001 3761 semel,
1022 3696 1182 3766 quadragies
1198 3697 1340 3768 quinquies
1358 3689 1420 3765 apud

255 3782 431 3852 Lygdamum,
452 3782 606 3852 septuagies
634 3782 717 3836 sexies
745 3783 773 3837 in
796 3783 875 3838 laude
894 3785 1044 3850 Messallae,
1074 3785 1249 3854 quingenties
1277 3784 1420 3855 septuagies

256 3874 352 3941 quater
371 3871 440 3940 apud
459 3872 638 3941 Propertium.

362 3962 387 4016 2.
424 3962 476 4016 Pro
495 3961 610 4015 secunda
628 3961 731 4029 regula,
750 3977 797 4030 per
817 3961 899 4016 verba
918 3963 1002 4016 etiam
1021 3963 1153 4032 longiora,
1182 3964 1205 4018 si
1230 3963 1307 4018 modo
1332 3961 1420 4018 exeant

255 4048 285 4103 in
302 4047 451 4118 rhythmos,
470 4051 527 4104 iure
540 4050 630 4106 licitos
649 4049 755 4105 ordines
773 4051 898 4106 metricos
916 4052 990 4106 finiri
1006 4069 1089 4122 posse,
1103 4053 1181 4122 tripli
1194 4053 1281 4108 cimod
1294 4051 1419 4122 oerempla

255 4153 416 4192 1nven1mus.

320 4229 347 4296 a)
366 4226 461 4282 Modus
480 4229 643 4283 communior
665 4229 690 4282 is
713 4233 764 4294 est,
793 4246 844 4299 quo
862 4246 909 4299 pes
933 4233 1024 4284 sextus
1042 4230 1141 4299 incipit
1158 4247 1174 4285 a
1193 4231 1307 4286 secunda
1325 4230 1419 4302 syllaba

361 4316 475 4371 ultimae
493 4317 572 4381 vocis,
593 4335 660 4387 qnae
679 4322 721 4373 est
739 4319 822 4373 trium
841 4318 1013 4389 syllabarum,
1032 4336 1078 4389 pes
1098 4336 1159 4375 vero
1179 4321 1290 4390 quintus
1309 4338 1326 4376 a
1343 4321 1418 4391 prima

363 4407 434 4464 vocis
453 4405 624 4477 dissyllabae,
643 4409 675 4461 ut
693 4407 743 4461 boc
761 4424 854 4462 versu:
1018 4393 1021 4400 ¹
