2970 5056
741 357 962 432 -13..

535 590 570 682 b)
594 592 798 660 illisiones
820 591 972 660 vooulis
993 593 1123 660 brevis
1145 592 1167 658 i.

372 733 498 788 Tibullus
515 732 627 804 proebet
644 749 776 834 perpnues
793 732 929 804 exemplu:

442 841 472 910 s)
489 839 525 898 in
543 841 630 896 ersi:
897 838 924 909 β)
942 839 977 893 in
995 837 1141 896 secunda
1158 839 1271 906 thesis
1288 839 1402 895 brevi:

264 946 320 1004 Ubi
337 944 478 1002 indomitis
670 947 753 1013 114,
772 947 815 1002 57.
880 944 952 1002 ,Tibi
970 949 1001 1002 st
1308 947 1331 1013 1,
1352 949 1378 1012 6,
1395 948 1435 1003 27.

264 1035 312 1090 ubi
330 1034 422 1090 orbem
728 1037 754 1100 4,
775 1037 816 1091 17.
888 1035 943 1090 nisi
960 1038 990 1092 et
1352 1040 1379 1103 9,
1395 1039 1434 1094 39.

373 1125 501 1180 laudator
518 1125 661 1181 Messallee
679 1126 801 1195 scripsit:
881 1171 886 1180 .

265 1213 328 1274 Tibi
346 1213 466 1270 adversis
485 1215 537 1270 148
555 1215 585 1268 in
603 1215 674 1279 srsi;

372 1303 529 1374 Lygdamus
548 1305 658 1358 omuino
675 1303 725 1358 bas
743 1303 870 1358 elisiones
888 1304 999 1358 viterit.

370 1392 412 1448 Ex
429 1393 523 1447 formis
541 1393 596 1446 inm
614 1391 746 1462 ndpositis
763 1392 823 1448 ubi
841 1390 952 1446 orbem
970 1392 1060 1446 miuus
1077 1391 1175 1446 limate
1193 1395 1289 1448 restet.

372 1478 452 1550 Apud
469 1480 641 1550 Propertium
659 1480 725 1534 beet
743 1481 896 1535 invenimus
914 1480 1048 1550 exempln:

745 1639 789 1710 aa)
808 1638 962 1711 Optime:

465 1748 495 1815 a)
512 1747 548 1801 in
567 1747 652 1801 ersi:
905 1749 933 1818 β)
952 1748 986 1802 iu
1004 1746 1150 1802 seeundo
1167 1748 1283 1804 thesis
1299 1748 1412 1808 brevi:

265 1853 327 1910 Tibi
345 1853 471 1910 insolitos
667 1854 691 1919 1,
727 1854 753 1918 3,
772 1855 816 1914 29.
889 1853 952 1908 Tibi
970 1853 1005 1908 nd
1263 1856 1378 1922 111,13,
1398 1857 1434 1914 17.

264 1942 318 1998 tibi
336 1943 427 2016 excepi
637 1942 691 2008 ΙΙΙ,
710 1945 753 2008 21,
773 1946 815 2000 10.
888 1942 942 1998 tibi
960 1942 995 1998 sb
1335 1947 1379 2011 19,
1398 1949 1434 2004 10.

264 2030 312 2085 nbi
330 2030 441 2086 adverso
642 2030 691 2095 IV,
711 2033 753 2097 14,
773 2033 815 2087 32.
887 2031 942 2086 tibi
960 2031 1071 2087 Jesouiu
1335 2037 1379 2100 19,
1397 2037 1434 2090 29.

264 2118 322 2190 (ubi
331 2121 382 2176 el:
395 2123 424 2176 et
436 2119 547 2176 adverso
560 2119 603 2176 vel
612 2121 642 2178 iu
654 2119 798 2186 adversos.)
883 2120 943 2196 ¹tibi
960 2120 994 2175 ob
1334 2124 1377 2188 21,
1399 2123 1434 2178 15.

264 2208 327 2266 Tibi
346 2209 503 2270 exciderunt
654 2209 687 2276 V,
724 2212 749 2275 7,
769 2210 812 2266 15.
886 2209 950 2264 Tibi
968 2209 1003 2266 sd
1152 2210 1200 2276 IV,
1219 2211 1246 2276 8,
1265 2212 1314 2278 273
1333 2213 1377 2276 22,
1396 2211 1434 2268 41.

263 2297 317 2354 sibi
335 2297 458 2354 admotas
727 2299 753 2364 8,
774 2301 815 2354 11.

263 2386 313 2442 ubi
330 2402 420 2442 ereses
728 2387 754 2452 8,
773 2387 817 2442 211

263 2475 312 2535 ubl
330 2477 472 2534 emeritum
710 2476 753 2541 11,
773 2477 816 2536 72.

512 2634 560 2702 bb)
578 2635 694 2691 Minus
712 2636 802 2695 bone
820 2637 855 2692 in
873 2636 1006 2695 nomine
1024 2637 1179 2708 proprio:

373 2741 428 2804 Ubi
445 2741 553 2813 Elysius
572 2742 605 2808 V,
626 2744 650 2810 7,
669 2745 704 2800 60
722 2743 752 2800 in
770 2743 832 2800 ersi.

689 2905 729 2974 eo)
752 2903 861 2966 Minus
879 2903 1016 2964 limate:

467 3013 496 3082 α)
514 3012 548 3068 in
567 3012 650 3068 ersi:
917 3012 944 3082 β)
963 3013 999 3066 in
1017 3011 1165 3067 secunde
1183 3011 1293 3067 thesis
1311 3011 1416 3067 brevi:

263 3117 319 3176 Ubi
337 3121 458 3188 agrestes
639 3119 815 3185 111,1s,14.
886 3117 948 3172 Nisi
967 3119 1065 3174 amoris
1274 3118 1313 3183 ΙΙ,
1348 3119 1372 3184 8,
1408 3119 1430 3173 3.

263 3207 319 3267 Ubi
337 3208 460 3279 amplexu
656 3208 689 3274 V,
726 3208 752 3274 5,
771 3208 814 3264 511
885 3207 956 3262 Mihi
973 3211 1087 3277 uterque
1259 3206 1312 3271 ΠΙ,
1332 3207 1430 3271 13,16.

885 3295 939 3352 tibi
958 3297 1012 3351 erit
1332 3297 1373 3360 19,
1408 3297 1430 3350 9.

887 3385 950 3440 Tibi
969 3386 1055 3440 amice
1264 3383 1311 3449 IV,
1349 3386 1372 3449 7,
1390 3385 1430 3440 40.

370 3473 507 3542 Quantum
526 3491 540 3529 e
558 3475 658 3544 paucis,
678 3490 747 3544 quse
764 3474 864 3544 proieri
881 3478 995 3545 possunt
1013 3474 1140 3544 exemplis
1158 3473 1365 3544 rideri-potest,
1388 3473 1430 3527 Ti·

264 3563 354 3619 bullus
372 3564 515 3633 rigidiores
533 3563 730 3633 severioresque
742 3564 850 3632 regulas
869 3580 949 3634 quem
962 3563 1117 3633 Propertius
1135 3565 1241 3617 secutus
1251 3578 1307 3616 esse
1321 3561 1429 3626 videtur,

264 3653 328 3722 quis
347 3653 394 3708 ille
413 3652 496 3708 semel
514 3654 623 3708 tuntum
641 3651 754 3706 formem
766 3653 855 3708 miuus
873 3651 971 3708 bouem
989 3653 1018 3707 in
1037 3653 1118 3708 arsim
1137 3650 1256 3714 admisit,
1280 3651 1429 3720 Propertius

264 3756 326 3798 vero
345 3741 444 3798 formas
462 3742 536 3796 inter
553 3757 581 3795 se
599 3741 699 3796 mixtas
716 3741 816 3810 ubique
834 3743 932 3811 posuit.
960 3741 1001 3796 De
1018 3740 1158 3810 Lygdumo
1177 3739 1307 3794 iudicium
1324 3740 1429 3809 proferri

263 3831 368 3900 nequit,
387 3831 441 3888 uisi
460 3828 587 3895 dicemus,
606 3829 684 3888 illum
708 3845 742 3884 ne
761 3831 877 3900 optimas
901 3828 1009 3901 quidem
1033 3828 1132 3886 formes
1150 3829 1295 3886 admittere
1312 3830 1428 3886 voluisse.

530 4044 561 4130 e)
584 4043 787 4110 lllisienes
810 4043 962 4112 vocalis
984 4045 1119 4114 brevis
1141 4065 1169 4112 o.

372 4181 498 4242 Tibullus
516 4186 624 4240 tentum
644 4183 695 4242 duo
713 4184 825 4255 praebet
843 4187 976 4256 exemplu:

263 4271 343 4329 Modo
362 4273 392 4328 in
410 4273 447 4339 11,
467 4273 492 4340 5,
514 4274 572 4340 106,
592 4277 621 4328 et
639 4273 728 4328 minus
745 4274 843 4329 bonnm
857 4290 907 4344 ego
926 4277 991 4330 ente
1008 4274 1056 4342 IV,
1075 4275 1101 4339 b,
1120 4275 1145 4340 5,
1164 4277 1306 4346 utramque
1323 4273 1426 4332 formum

263 4365 293 4421 in
311 4364 372 4421 srsi.
