2970 5056
732 355 952 419 ..50-

364 527 389 581 3.
408 525 505 581 Finem
523 527 626 582 ordinis
644 529 751 584 matrici
769 528 872 584 duabus
890 530 933 584 rel
952 529 1040 584 tribus
1059 528 1169 584 vocibus
1188 529 1323 582 formatum
1340 527 1415 581 vario

257 613 334 668 modo
352 617 447 683 poetae
466 615 639 672 admiserunt.

302 704 328 772 a)
366 704 468 769 Finem,
487 721 539 775 quo
558 707 616 762 voci
643 706 774 760 iambioae
802 689 1007 776 syllaba⁶vocis
1034 706 1232 776 praecedentis,
1251 705 1417 776 quoequalis

258 793 434 846 communiter
452 793 588 862 adpareat,
607 811 686 864 supra
699 794 946 858 demonstratumst,
966 795 1103 860 adhaeret,
1122 799 1154 849 ut
1172 796 1221 849 hoc
1238 811 1324 849 versu:

364 881 440 948 Quod
458 883 482 936 si
499 883 575 937 iura
594 883 682 938 fores
700 900 856 954 pugnasque
883 884 994 938 imitata
1021 885 1170 948 Laconum;

258 970 414 1039 Propertius
432 971 559 1026 adhibuit
586 972 724 1027 ducenties
743 973 864 1041 sexagies
885 973 978 1037 sexies,
1002 973 1126 1026 Tibullus
1148 970 1417 1041 septuagiessepties,

258 1058 413 1128 Lygdamus
432 1061 519 1114 decies
546 1062 642 1125 sexies,
667 1061 791 1116 laudator
817 1061 958 1116 Messallae
985 1061 1067 1116 vicies
1094 1062 1203 1130 septies,
1226 1061 1318 1132 quibus
1340 1058 1420 1112 addas

259 1165 363 1203 versura
382 1148 506 1218 Properti
524 1150 571 1214 IV,
591 1151 633 1214 24,
655 1152 701 1205 19:

364 1238 441 1292 Mens
458 1238 528 1292 bona
546 1239 645 1309 siqua
664 1239 752 1292 dea's
771 1242 819 1293 tua
837 1255 879 1292 me
897 1239 926 1292 in
946 1238 1060 1295 sacraria
1079 1237 1157 1292 dona.

303 1325 331 1390 b)
369 1325 449 1380 Fines
467 1326 540 1380 binis
559 1328 752 1396 monosyllabis
771 1327 956 1392 consistentes,
976 1331 1008 1381 ut
1026 1328 1076 1380 hoc
1095 1344 1187 1382 versu:

365 1415 428 1484 Ipsa
446 1416 540 1485 loquar
558 1433 618 1486 pro
636 1434 693 1481 me,
717 1417 741 1470 si
760 1416 825 1470 fallo
850 1433 935 1486 poena
953 1433 1083 1481 sororum;

259 1505 415 1572 Propertius
434 1505 524 1573 posuit
541 1504 673 1570 undecies,
699 1505 822 1559 Tibullus
850 1505 941 1567 octies,
966 1504 1121 1573 Lygdamus
1148 1503 1200 1568 bis,
1219 1503 1342 1558 laudator
1359 1503 1421 1556 Mes-

259 1593 342 1648 sallae
364 1596 414 1658 ter,
439 1593 534 1663 quibus
553 1597 608 1648 tres
628 1595 751 1663 Properti
769 1611 860 1648 versus
878 1593 991 1661 adiungi
1010 1593 1126 1647 debent:

367 1682 418 1736 Hic
437 1686 514 1737 satus
532 1683 566 1737 ad
584 1699 706 1753 pacem,
726 1684 780 1737 hic
798 1683 978 1737 castrensibus
997 1683 1075 1736 utilis
1094 1682 1184 1737 armis.
1258 1683 1305 1747 IV,
1342 1681 1420 1745 8,19.

370 1771 407 1825 Et
426 1771 521 1826 durum
541 1773 681 1826 Zethum
700 1776 729 1826 et
746 1772 865 1826 lacrimis
883 1771 1035 1842 Amphiona
1054 1772 1170 1826 mollem.
1261 1771 1308 1836 IV,
1330 1772 1367 1834 14,
1383 1770 1422 1823 29.

368 1861 449 1916 Arma
469 1862 522 1916 tuli
541 1861 708 1932 quondam
727 1865 759 1916 et
777 1861 888 1915 memini
907 1860 1036 1914 laudabar
1054 1861 1084 1914 in
1102 1860 1166 1914 illis.
1276 1861 1308 1925 V,
1344 1861 1367 1923 2,
1383 1858 1422 1912 27.

304 1952 328 2019 c)
365 1951 460 2004 Pinem
478 1951 660 2020 monosyllabo
678 1953 759 2019 longo
778 1955 806 2006 et
824 1950 958 2020 pyrrichio
977 1949 1175 2014 consistentem,
1195 1953 1227 2004 ut
1246 1950 1295 2005 hoo
1313 1966 1394 2004 versa:

368 2041 509 2111 Tarpeium
528 2058 645 2094 nemus
665 2045 699 2095 et
718 2041 848 2111 Tarpeiae
873 2044 952 2110 turpe
971 2040 1153 2109 sepulchrum

260 2130 416 2200 Propertius
435 2132 525 2200 posuit
543 2130 625 2185 vicies
644 2132 735 2194 sexies,
756 2131 879 2190 Tibullus
903 2130 1001 2194 octies,
1021 2129 1175 2200 Lygdamus
1199 2129 1290 2194 semel,
1308 2128 1421 2182 laudator

260 2218 401 2273 Messallae
419 2218 475 2282 bis;
495 2219 592 2290 quibus
611 2219 740 2274 accedunt
757 2220 880 2289 Properti
900 2236 1005 2274 versus:

366 2308 436 2362 Nam
455 2309 579 2378 quotiens
597 2309 763 2362 Mutinam
783 2310 842 2362 aut
861 2308 954 2362 civilia
972 2308 1052 2362 busta
1070 2307 1219 2378 Philippos.
1269 2307 1305 2371 Il,
1342 2308 1364 2369 1,
1381 2305 1420 2359 27.

367 2398 529 2452 Hannibalis
548 2398 658 2468 spolia
676 2401 734 2452 aut
752 2397 821 2451 victi
839 2398 1006 2452 monimenta
1026 2397 1165 2468 Syphacis.
1260 2397 1308 2459 IV,
1327 2398 1365 2458 10,
1382 2394 1421 2448 59.

368 2487 500 2557 Geryonis
518 2487 654 2542 stabula
673 2491 707 2541 ot
726 2487 878 2541 luctantum
898 2488 927 2542 in
945 2487 1054 2556 pulvere
1073 2487 1159 2554 signa.
1257 2485 1306 2548 IV,
1325 2485 1363 2547 22,
1398 2483 1421 2536 9.
1470 2519 1471 2566 y

306 2576 333 2640 d)
370 2577 451 2631 Fines
476 2593 538 2631 voce
562 2576 677 2631 iambica
696 2579 724 2630 et
747 2576 933 2645 monosyllaba
957 2575 1034 2630 brevi
1058 2575 1244 2640 consistentes,
1263 2577 1296 2628 at
1313 2573 1352 2628 his
1368 2588 1422 2625 ver·
1470 2567 1471 2638 l

262 2667 349 2721 sibus:

367 2755 440 2810 Ausa
458 2755 531 2810 feror
549 2755 592 2808 ab
608 2771 689 2826 equo
708 2754 838 2826 quondam
859 2771 1013 2826 oppugnare
1031 2754 1151 2823 sagittis.

368 2845 425 2898 Hoc
444 2844 527 2898 etiam
549 2861 650 2912 grave
669 2847 749 2909 erat,
769 2844 844 2898 nulla
863 2844 982 2898 mercede
1000 2844 1174 2912 hyacinthos;

262 2933 333 3004 apud
351 2933 520 3004 Propertium
545 2933 660 3002 legimus
679 2936 789 3004 quater,
818 2933 899 2987 semel
917 2932 990 3004 apud
1007 2932 1185 3002 Lygdamum,
1205 2931 1288 2986 semel
1305 2931 1334 2985 in
1350 2927 1422 2982 laude

262 3022 411 3076 Messallae.
1470 3081 1471 3096 χ

307 3111 332 3181 e)
369 3111 453 3175 Unus,
482 3111 529 3180 qui
552 3109 665 3164 fortasse
684 3111 816 3179 regularis
843 3111 974 3182 appellari
993 3113 1091 3182 potest,
1118 3111 1181 3164 finis
1199 3113 1328 3181 superest,
1346 3107 1422 3162 consi·

262 3203 336 3254 stens
354 3199 427 3254 binis
445 3199 637 3268 monosyllabis
656 3205 685 3253 et
702 3199 778 3254 brevi
790 3199 976 3270 praecedentis
995 3201 1066 3254 vocis
1079 3200 1177 3253 ultima
1190 3198 1307 3268 syllaba3
1325 3197 1369 3252 ubi
1386 3201 1423 3251 ta·

262 3307 323 3344 men
341 3289 524 3353 notandamst‚
553 3290 609 3344 loco
636 3289 724 3344 brevis
751 3289 929 3359 monosyllabi
957 3289 1028 3360 apud
1052 3289 1223 3360 Propertium
1241 3303 1341 3357 semper
1365 3285 1421 3357 poni

263 3378 432 3449 disyllabum,
461 3379 536 3432 euius
559 3378 658 3432 ultima
677 3375 782 3447 syllaba
800 3378 904 3440 elisast,
922 3378 964 3432 ita
982 3380 1014 3432 ut
1032 3379 1081 3431 has
1099 3377 1198 3432 formas
1216 3378 1391 3430 inveniamus:

369 3467 430 3521 Non
449 3483 498 3536 ego
517 3466 639 3520 firmus
658 3466 692 3520 in
710 3466 777 3528 hoc,
797 3483 851 3520 non
870 3465 935 3520 haec
954 3466 1090 3536 patientia
1109 3469 1207 3520 nostro.
1229 3465 1315 3534 Lygd.
1342 3467 1366 3528 2,
1399 3465 1420 3518 5.

369 3556 416 3610 Illi
435 3573 527 3610 carus
547 3571 608 3623 ego
627 3558 661 3608 et
680 3571 727 3624 per
745 3571 787 3609 me
807 3555 943 3610 carissima
961 3556 1053 3609 Rama.
1181 3555 1258 3625 Prop.
1285 3555 1307 3618 1,
1341 3555 1365 3618 8,
1383 3556 1420 3608 31.
1470 3591 1471 3616 ,

370 3645 435 3700 Tela
453 3643 588 3712 fugacis
607 3644 683 3714 equi
701 3651 736 3697 et
753 3644 859 3698 bracati
876 3643 975 3698 militis
994 3659 1077 3698 arcus.
1257 3643 1305 3706 IV,
1340 3644 1363 3706 3,
1383 3643 1420 3706 17;
1470 3663 1471 3718 ,

263 3736 336 3789 cuius
360 3735 460 3788 formae
488 3733 607 3803 exempla
631 3735 756 3802 prostant
781 3733 852 3803 apud
882 3733 1053 3804 Propertium
1078 3733 1204 3804 quinque,
1230 3732 1336 3800 singula
1357 3730 1421 3802 apud
1470 3719 1471 3786 l

264 3823 409 3888 Tibullum,
429 3821 606 3892 Lygdamum,
625 3821 781 3892 Sulpiciam.
1470 3813 1471 3824 ¹

369 3914 393 3968 4.
414 3913 526 3966 Praeter
544 3913 592 3966 hos
611 3912 677 3966 fines
701 3927 769 3965 unus
788 3911 858 3982 apud
878 3911 1023 3973 Tibullum,
1052 3913 1154 3981 reptem
1173 3909 1244 3980 apud
1262 3909 1421 3979 Propertium

262 4003 392 4071 leguntur
410 4018 514 4065 versus,
541 4000 637 4070 quibus
655 4001 765 4068 regulae
784 4001 929 4064 violantur,
949 4000 1045 4070 quibus
1065 4003 1156 4054 tamen
1175 3998 1335 4053 rusticitatis
1351 3999 1420 4067 paul-

263 4093 320 4146 lum
338 4108 368 4146 eo
387 4091 544 4155 ablatumst,
564 4089 633 4161 quod
652 4107 698 4160 per
717 4090 898 4161 synaloephen
922 4090 1020 4143 ultima
1039 4088 1139 4142 vocalis
1158 4087 1229 4141 vocis
1247 4085 1419 4157 praecedentis
1470 4099 1471 4126 ³

264 4199 324 4237 cum
342 4180 526 4250 monosyllaba
544 4181 667 4250 sequenti
686 4181 818 4234 cohaeret.
839 4180 882 4233 Sic
900 4177 1016 4246 legimus
1030 4177 1100 4248 apud
1119 4176 1273 4229 Tibullum:
1470 4137 1471 4166 ¹

371 4270 408 4326 Te
427 4269 501 4325 canit
519 4269 684 4339 agricola,
704 4286 718 4322 e
736 4285 835 4338 magna
854 4267 1037 4324 cumvenerit
1056 4264 1128 4319 urbe.
1285 4262 1306 4328 I,
1340 4263 1362 4327 7,
1381 4266 1418 4330 en
1470 4245 1471 4322 l
