2970 5056
705 376 923 443 ...28-

336 547 493 619 Propertius
511 551 601 606 utitur
619 550 712 606 formis
730 551 760 606 in
778 553 845 608 arsi:

231 653 332 710 Tnaest
632 659 656 724 I,
692 661 718 723 2,
755 659 778 715 7.
851 664 958 730 saepest
1226 665 1400 730 111,15,23.
1469 690 1470 701 ¹

229 743 320 798 sivest
618 747 656 812 11,
694 750 780 813 1,15.
851 751 1004 820 cuiquamst
1298 754 1400 818 26,11.

230 834 247 900 †
265 831 352 886 levest
691 837 716 902 b,
738 839 779 893 16.
851 842 950 894 certest
1298 843 1344 908 30,
1362 841 1401 896 46.

230 921 337 977 facilest
692 926 717 990 9,
736 927 779 981 31.
851 928 988 996 †Marest
1230 933 1277 1000 ΙΙ,
1317 931 1402 995 6,12.

229 1009 361 1066 Juvenest
603 1015 654 1080 111,
674 1015 717 1080 14,
737 1018 777 1072 13.
851 1022 1009 1088 nusquamst
1297 1020 1343 1084 12,
1362 1019 1401 1073 58.

230 1104 385 1171 umquamst
675 1106 717 1170 15,
737 1107 780 1160 22.
852 1105 1012 1172 Quoniamst
1244 1109 1277 1175 Ι,
1318 1109 1345 1174 Ι,
1361 1108 1402 1161 46.

851 1195 1009 1266 quaedamst
1316 1198 1344 1262 8,
1363 1196 1403 1250 29.

337 1318 367 1370 01
385 1317 414 1369 in
433 1315 519 1370 thesi:

231 1422 423 1492 Quicumquest
629 1424 653 1490 I,
689 1427 714 1490 8,
751 1428 776 1481 3.
849 1427 929 1482 111001
1221 1431 1274 1494 ΠΙ,
1296 1430 1402 1494 28,11.

230 1511 375 1566 oarinamst
672 1515 715 1579 17,
752 1516 777 1570 3.
851 1517 956 1585 turpest
1228 1519 1276 1584 IV,
1316 1520 1344 1583 8,
1379 1517 1402 1570 6.

337 1600 371 1654 In
407 1600 457 1654 hoo
498 1599 590 1657 ordine
626 1602 782 1673 Propertius
823 1604 932 1659 Tibullo
965 1605 1153 1676 negligentius
1190 1611 1315 1663 versatus
1349 1619 1403 1661 eme

231 1687 347 1754 ridetur,
367 1689 432 1761 quin
451 1690 535 1745 etiam
553 1691 583 1745 in
601 1689 674 1747 thesi
692 1691 786 1747 formis
804 1693 893 1750 minus
911 1693 989 1748 bonis
1007 1711 1070 1750 usus
1088 1698 1137 1750 est.

299 1905 323 1976 0)
341 1905 407 1961 1101
424 1907 648 1961 ooniunotum
667 1924 735 1962 curn
753 1907 875 1962 formis
893 1908 929 1962 in
946 1908 970 1980 i,
989 1923 1017 1980 o,
1036 1923 1058 1964 n
1076 1908 1333 1965 desinentibus

338 2031 417 2101 Apud
436 2031 573 2086 Tibullum
590 2032 706 2102 legimus
724 2034 754 2087 in
772 2034 842 2089 arsi:

231 2137 359 2206 liriguist
634 2140 656 2204 Ι,
695 2142 718 2205 1,
738 2142 781 2195 22.
854 2139 980 2194 Securost
1237 2141 1276 2206 11,
1315 2143 1342 2206 1,
1359 2139 1402 2194 46.

230 2227 324 2282 llleost
448 2277 452 2284 .
692 2230 718 2294 4,
737 2231 780 2284 82.
852 2228 949 2283 mihist
1314 2231 1341 2294 6,
1359 2229 1401 2283 49.

231 2316 327 2374 mihist
689 2321 715 2384 8,
734 2318 777 2384 57,
849 2318 943 2372 maliet
1226 2318 1275 2384 IV,
1311 2319 1340 2384 4,
1377 2315 1401 2370 Ι.

231 2408 336 2460 rnotust
691 2409 716 2473 6,
734 2407 778 2462 45.
850 2405 968 2472 †tibist
1202 2407 1229 2473 4,
1249 2409 1292 2474 16;
1312 2410 1339 2472 6,
1377 2405 1401 2460 3.

338 2513 414 2568 etin
433 2513 520 2569 thesi:
582 2510 591 2518 '

232 2621 342 2676 Viotoet
626 2621 649 2688 I,
686 2622 712 2687 8,
730 2623 782 2688 49;
854 2620 982 2676 Lavinist
1240 2622 1279 2687 Il,
1316 2622 1343 2687 5,
1361 2619 1403 2675 49.

338 2709 418 2782 Apud
435 2711 583 2781 Sulpiciam
601 2714 666 2767 sunt
684 2712 731 2782 qni
749 2711 845 2780 legant
863 2710 977 2766 dolorist
994 2711 1042 2777 IV,
1063 2713 1105 2776 10,
1124 2711 1149 2776 5,
1167 2710 1216 2766 ubi
1234 2710 1284 2766 alii
1296 2709 1403 2766 dolona

339 2837 496 2907 Propertius
514 2835 598 2892 habet
615 2837 645 2891 in
663 2837 735 2892 arsi:

234 2944 369 3010 †Marist
609 2944 656 3011 ΙΙ,
694 2946 720 3010 2,
739 2945 781 3000 24.
855 2944 975 3011 †solost
1230 2944 1279 3009 IV,
1317 2945 1343 3009 6,
1360 2941 1403 2998 40.

231 3033 315 3089 tibist
694 3035 719 3095 6,
740 3036 781 3090 18.
854 3033 969 3100 †deost
1316 3035 1342 3099 6,
1362 3030 1402 3086 62.

232 3121 364 3188 †mihist
675 3124 780 3189 24,16.
854 3123 1003 3193 Lysippost
1316 3123 1343 3186 8,
1378 3119 1402 3173 9.

232 3211 345 3267 Nemost
605 3211 657 3276 111,
676 3213 719 3278 32,
756 3213 780 3268 3.
854 3211 980 3267 Nostrost
1246 3210 1279 3275 Ι,
1317 3211 1342 3274 1,
1361 3204 1404 3264 68.

232 3301 358 3368 †Solost
609 3301 656 3366 IV,
694 3303 719 3367 2,
739 3303 781 3358 26.

339 3429 368 3482 01
386 3427 415 3482 10
433 3426 521 3480 thesi:

233 3534 406 3604 Triumphost
606 3532 659 3598 III,
696 3534 721 3598 6,
759 3534 783 3588 1.
855 3530 940 3587 Usust
1246 3530 1278 3596 V,
1316 3530 1342 3596 ’1,
1362 3527 1402 3584 Tb.

339 3623 372 3677 In
386 3624 514 3692 quattuor
528 3621 601 3685 loeis,
620 3620 667 3675 ubi
686 3622 740 3675 est
758 3621 788 3675 in
806 3621 878 3675 thesi
896 3621 1015 3690 positum
1028 3619 1187 3683 invenimus,
1199 3619 1327 3674 nltimam
1345 3619 1403 3674 the·

233 3711 284 3764 sim
303 3711 431 3764 selectam
449 3708 579 3774 videmus,
607 3712 640 3764 ut
666 3707 752 3762 forma
779 3709 850 3764 male
876 3709 1001 3764 adhibita
1020 3709 1098 3780 quasi
1117 3708 1271 3777 obtegatur.
1309 3709 1342 3763 In
1361 3707 1402 3762 his

233 3814 294 3853 vero
312 3798 406 3852 formis
424 3796 603 3852 admittendis
615 3798 786 3869 Propertium
803 3797 962 3852 severiorem
974 3796 1057 3853 fuisse
1076 3812 1157 3868 quam
1171 3795 1309 3852 Tibullum
1327 3809 1403 3852 nemo

233 3889 276 3942 est
294 3887 360 3957 quin
378 3886 479 3942 rideat.

446 4065 473 4136 d)
497 4065 560 4121 nst
587 4066 809 4120 coniunctum
837 4080 907 4118 oum
926 4062 1190 4134 monosyllabis.

340 4188 463 4245 Tibullus
475 4188 559 4244 habet
571 4188 684 4244 formam
696 4193 783 4244 mest
795 4189 817 4255 I,
832 4189 857 4255 Ι,
873 4190 889 4244 9
902 4189 931 4244 in
944 4189 998 4244 arsi
1011 4188 1128 4258 positam
1135 4209 1143 4254 ς
1162 4187 1319 4258 Propertius
1332 4189 1400 4246 test

233 4281 281 4349 ΙΙ,
299 4282 325 4348 8,
344 4280 378 4336 59
396 4281 426 4335 in
444 4279 543 4334 ultima
562 4279 634 4334 thesi
653 4281 682 4334 et
700 4282 811 4334 eumst
823 4278 857 4344 Ι,
876 4280 901 4344 2,
920 4279 955 4334 29
973 4278 1003 4332 in
1021 4277 1083 4332 arsi.
1180 4345 1182 4350 Ι
