2970 5056
564 359 785 424 ,37-

110 535 234 592 (lentum
253 537 299 592 illi
317 538 347 591 in
364 540 444 606 prato
462 551 542 604 saepe
559 536 676 589 smtm
693 538 762 588 nat
1064 536 1098 600 V,
1135 539 1162 600 1,
1180 538 1224 592 14.

110 625 178 679 Vidi
197 643 253 695 ego
272 625 379 680 odorati
396 627 502 679 uictura
520 626 622 678 rosaria
643 624 746 677 Paesti
1065 625 1100 688 V,
1136 626 1225 686 5,61.

112 713 166 768 Sed
186 716 267 786 quali
284 715 410 784 adspexit
426 714 572 783 Pelopeum
588 713 794 781 rig-memnon
811 713 900 766 vultu
1067 714 1101 777 V,
1137 717 1163 776 6,
1180 715 1225 768 33.

112 803 193 859 Sensi
212 821 275 874 ego,
294 821 356 858 eum
373 803 482 858 insidiis
498 802 603 872 pallida
621 804 685 855 rim
703 802 771 855 bibi.
1065 802 1099 864 V,
1137 803 1161 864 1,
1179 804 1224 856 36.

186 910 313 964 Ultimus
331 911 420 978 igitur
445 910 510 964 ordo
532 927 657 964 uersuum
678 910 746 964 duas
773 911 951 979 synaloephas
975 913 1185 974 mtiueufium,
1213 912 1261 982 qui

79 999 200 1052 omnium
218 1000 334 1052 minime
352 999 493 1067 elegantes
506 1002 623 1062 entant,
642 1001 751 1052 omnino
763 1017 780 1053 a
793 999 898 1052 Tibulli
909 1005 939 1053 et
951 1000 1086 1068 Lygdami
1098 1001 1261 1055 carminibus

80 1087 165 1150 abest,
186 1090 236 1158 qui
255 1088 301 1140 vel
318 1089 348 1140 in
367 1089 403 1141 iis
415 1087 568 1156 duplicibus
586 1104 652 1156 quas
670 1087 838 1140 admiserunt
856 1089 1028 1157 synaloephis
1046 1090 1086 1141 itu
1099 1093 1178 1142 caute
1196 1093 1261 1143 sunt

81 1178 192 1241 versati,
211 1179 246 1230 ut
264 1176 334 1230 duae
352 1177 479 1230 elisiones
496 1179 551 1230 nisi
569 1180 678 1230 attente
696 1176 853 1245 legentibus
876 1194 931 1230 non
956 1179 1113 1246 appareant
1150 1177 1260 1246 Lygda-

81 1281 138 1318 mus
156 1282 222 1318 vero
241 1281 306 1334 prae
324 1267 422 1318 ceteris
439 1265 562 1332 regulam
579 1266 710 1334 sequitur,
728 1265 795 1318 duas
822 1266 948 1319 elimenes
965 1267 1020 1319 nisi
1038 1267 1068 1319 iu
1086 1266 1173 1318 vocali
1191 1280 1208 1320 e
1230 1267 1260 1320 in

82 1369 162 1406 unum
182 1371 292 1407 versum
309 1370 364 1407 non
382 1369 439 1407 esse
456 1353 650 1407 admittendas
686 1353 739 1408 Sed
756 1355 844 1408 multo
861 1356 950 1423 nugis
976 1355 1087 1422 regulae
1104 1355 1260 1422 elegantiae

83 1442 204 1496 versibus
216 1447 272 1496 tres
286 1443 413 1496 elisiones
425 1443 629 1496 continentibus
641 1443 788 1506 violantur,
801 1460 882 1514 quam
890 1443 988 1496 obrem
1002 1443 1126 1497 Tibullus
1134 1460 1194 1496 cum
1204 1444 1260 1497 suis
1332 1493 1336 1502 .

84 1531 115 1584 ab
127 1532 163 1585 iis
181 1534 293 1586 omnino
305 1532 450 1594 abstinuit,
469 1548 535 1600 quos
547 1531 672 1586 undecies
684 1531 829 1586 admittere
841 1533 999 1601 Propertius
1011 1549 1064 1586 nou
1077 1532 1226 1595 dubitarit,
1244 1547 1260 1586 e

84 1619 180 1687 quibus
210 1622 327 1674 maxime
357 1621 477 1673 excusari
506 1624 620 1688 possunt
650 1638 757 1685 versus,
788 1623 818 1674 in
845 1621 944 1690 quibus
976 1625 1031 1675 est
1060 1622 1104 1674 rel
1132 1621 1173 1674 bis
1200 1637 1260 1674 cum

86 1709 137 1762 alia
155 1726 218 1774 una,
245 1709 290 1762 vel
318 1709 402 1762 semel
420 1725 479 1762 cum
498 1708 600 1762 duabus
619 1711 682 1763 aliis
707 1709 867 1763 elisionibus
894 1710 992 1763 elisum
1018 1711 1135 1778 legitur;
1163 1708 1260 1780 quibus

86 1799 200 1864 proxime
218 1797 351 1852 accedunt
370 1814 470 1861 versus,
489 1798 519 1850 in
538 1797 636 1868 quibus
649 1799 750 1852 vocalis
768 1813 785 1852 e
804 1799 847 1851 rel
865 1801 917 1861 ter,
936 1799 980 1852 rel
997 1798 1040 1852 bis
1052 1801 1160 1868 praeter
1177 1798 1260 1850 aliam

88 1887 202 1940 vocalem
220 1888 316 1941 elisam
334 1886 440 1940 abiecta
458 1888 614 1950 invenitur,
642 1887 739 1957 quibus
767 1887 945 1956 adiungemus
972 1888 1046 1950 illos,
1071 1887 1100 1941 in
1129 1886 1260 1956 quibusc

88 1977 166 2028 semel
184 1980 213 2030 et
231 1977 301 2030 aliae
318 1975 424 2028 vocales
442 1975 492 2040 bis,
514 1977 557 2030 vel
575 1978 679 2031 vocales
697 1978 836 2045 graviores
853 1977 992 2032 tetulisse
1010 1977 1191 2046 reperiuntur.·
1208 1974 1261 2030 Sed

88 2063 140 2116 iam
158 2082 249 2119 versus
268 2063 412 2119 secundum
431 2063 538 2119 ordines
556 2067 786 2120 enumerabimus:

91 2172 117 2236 α)
140 2171 192 2226 His
209 2173 285 2237 olim,
304 2175 337 2226 ut
355 2172 464 2237 famast,
483 2174 561 2226 vitiis
579 2173 614 2226 ad
631 2173 734 2242 proelia
753 2175 901 2227 ventumst.
1059 2173 1097 2237 11,
1135 2173 1160 2236 6,
1180 2173 1221 2227 15.
1268 2230 1272 2236 ,

139 2261 194 2316 Nec
210 2261 297 2315 forma
316 2265 452 2316 aeternum
472 2266 522 2316 aut
540 2264 692 2332 cuiquamst
710 2263 820 2316 fortuna
838 2263 985 2331 pertenuis
1044 2261 1098 2326 ΙΙΙ,
1118 2263 1161 2325 26,
1181 2263 1222 2316 ll.

140 2349 221 2420 Saepe
239 2351 317 2404 illam
336 2351 472 2406 inmundis
490 2356 597 2420 passast
615 2352 740 2406 habitare
758 2352 888 2406 tenebris.
1049 2351 1097 2414 IV,
1119 2352 1160 2414 14,
1181 2350 1223 2405 17.

139 2438 176 2494 Et
192 2442 229 2494 sis
248 2457 301 2510 qua
319 2438 436 2510 Ortygia
454 2444 484 2495 et
502 2440 641 2494 visendast
659 2457 706 2494 ora
724 2440 841 2510 Caystri.
1049 2439 1097 2504 IV,
1117 2441 1160 2504 22,
1181 2439 1221 2495 15.

140 2528 221 2598 Saepe
239 2529 290 2582 illa
307 2529 450 2583 inmeritae
469 2532 608 2583 causatast
626 2531 717 2583 omina
736 2531 824 2583 lunae.
1063 2528 1096 2593 V,
1132 2529 1158 2594 4,
1178 2530 1220 2584 23.

94 2633 116 2699 β]
138 2634 262 2705 blineqne
283 2651 372 2689 amare
391 2635 481 2697 aliam,
500 2651 586 2706 neque
601 2635 640 2689 ab
659 2636 709 2689 hac
728 2634 864 2689 discedere
882 2634 923 2688 fas
942 2637 992 2689 est.
1074 2635 1097 2700 Ι,
1117 2637 1159 2698 12,
1180 2636 1221 2690 19.

141 2723 191 2778 Ille
209 2727 295 2778 etiam
313 2725 425 2794 abrepta
444 2724 565 2778 desertus
587 2726 700 2793 coniuge
718 2723 846 2778 Achilles.
1060 2725 1098 2790 ΙΙ,
1135 2727 1160 2788 8,
1181 2725 1223 2778 29.

142 2813 359 2884 Deiphobumque
378 2815 565 2884 Helenumque
583 2818 612 2868 et
630 2813 829 2884 Polydamanta
847 2816 876 2867 et
893 2814 923 2866 in
941 2813 1031 2868 armis.
1051 2813 1099 2878 IV,
1137 2815 1160 2877 1,
1180 2814 1222 2868 29.

144 2902 213 2958 Haec
231 2904 324 2958 eadem
343 2908 407 2958 ante
425 2905 502 2958 illam
521 2905 620 2972 inpune
640 2907 669 2958 et
686 2904 785 2957 Lesbia
803 2903 877 2956 fecit.
1044 2903 1097 2966 III,
1116 2903 1159 2968 30,
1178 2901 1223 2968 45,

193 2995 241 3063 qui
251 3009 350 3058 versus,
371 3009 533 3063 quemquam
545 2996 601 3047 tres
613 2995 722 3046 tantum
735 2993 860 3046 elisiones
872 2993 1003 3056 continet,
1022 2994 1131 3062 propter
1144 2991 1258 3058 hiatum,

97 3094 167 3146 quen
183 3099 229 3152 per
247 3099 381 3137 caesarem
398 3086 478 3151 poeta
497 3086 639 3152 contegere
658 3083 754 3147 voluit,
782 3086 890 3152 praeter
908 3082 1033 3136 elisiones
1052 3081 1199 3136 admissum
1218 3081 1259 3134 in·

96 3168 133 3222 ter
149 3173 256 3226 minime
274 3172 357 3226 bonos
375 3171 542 3241 reponendus
561 3173 622 3226 erit.

16 3359 17 3368 ἵ
97 3275 124 3340 y)
145 3276 231 3348 Atque
249 3280 369 3333 animam
388 3280 417 3333 in
436 3282 543 3348 tegetes
561 3283 668 3350 putrem
686 3280 805 3350 expirare
823 3281 958 3350 paternas.
1065 3278 1098 3344 V,
1135 3279 1160 3344 ὁ,
1180 3279 1222 3334 ta
1241 3325 1254 3340 ,

143 3366 196 3422 dut
213 3370 302 3438 spatia
321 3385 451 3422 annorum
470 3372 518 3424 aut
536 3369 619 3438 longa
637 3369 783 3424 intervalla
801 3367 936 3439 profundi.
1050 3366 1099 3432 IV,
1118 3368 1161 3432 21,
1180 3369 1223 3424 31.

192 3477 314 3547 Denique
340 3477 480 3531 afferemus
507 3493 590 3530 unum
615 3477 751 3546 Propertii
785 3492 891 3532 versum
923 3477 1053 3547 quattuor
1080 3474 1259 3546 synaloephas

98 3564 282 3621 andreatem:

129 3651 186 3708 Sive
203 3655 281 3709 illam
298 3655 446 3725 Hesperiis,
465 3656 522 3710 sire
540 3656 617 3710 illam
635 3655 761 3711 ostendet
778 3655 851 3710 Eois.
1060 3653 1097 3720 Il,
1134 3653 1222 3720 3,·13.

628 3871 657 3954 a.
680 3871 712 3936 4.

210 4047 255 4101 De
273 4047 345 4100 loco
363 4062 458 4117 quom
477 4047 711 4118 synaloephae
730 4047 763 4104 in
782 4047 942 4104 versibus
960 4045 1133 4119 optinent.

192 4181 280 4244 Unam
298 4191 428 4258 regulam,
447 4206 528 4260 quam
545 4191 615 4244 satis
633 4192 790 4245 constanter
813 4189 848 4246 ab
875 4189 1003 4260 elegiacis
1031 4191 1165 4246 tenutam
1185 4185 1258 4244 vide·

100 4285 161 4340 mus,
185 4277 324 4332 ehsionem
342 4278 540 4333 admittendam
558 4295 612 4333 non
630 4295 688 4334 esse
706 4279 736 4334 in
755 4279 870 4349 primam
889 4295 980 4336 versus
1007 4281 1098 4346 arclm,
1124 4293 1211 4348 nerpuo
1230 4277 1258 4334 ln

99 4363 201 4428 pinam
218 4367 348 4422 secundae
365 4370 529 4437 peutamtn'
546 4369 634 4437 partis
645 4369 737 4435 araim,
756 4383 842 4440 neque
860 4369 889 4424 iu
907 4369 1036 4426 ultimum
1047 4365 1195 4424 heuman
1216 4365 1258 4422 rel
