2970 5056
562 358 781 426 ..55-

115 536 664 607 Jannal'srpeiaeuotapudioitiss
1073 541 1159 608 Ι,16,
1195 545 1220 597 2.

116 627 144 680 Δ
165 626 248 691 dolor,
267 627 327 681 ibat
345 627 439 696 Hylas,
460 627 520 681 ibat
538 626 806 696 Hamadryasin.
1073 633 1096 696 1,
1115 633 1158 696 20,
1177 633 1220 686 32.

116 715 244 771 Candida
262 717 403 786 purpureis
419 716 505 770 mixta
524 716 765 784 papaveribus.
1072 721 1095 784 1,
1115 723 1157 783 20,
1177 721 1221 775 38.

117 806 244 860 Errorem
262 805 370 860 blandis
388 805 482 858 tardat
499 805 727 874 imaginibus
1073 810 1096 874 Ι,
1115 811 1159 870 20,
1177 809 1221 863 42.

118 895 235 960 Quaeris
252 911 300 963 pro
318 897 411 948 nostra
430 910 532 962 semper
550 895 716 948 amicitia.
1073 897 1096 962 Ι,
1116 899 1159 962 22,
1196 899 1221 962 2,

82 985 128 1036 ter
147 982 325 1036 insecundo:

119 1071 176 1124 Hie
191 1069 340 1134 Ixioniden,
360 1069 407 1124 ille
425 1070 680 1126 Menoetiaden.
1059 1075 1097 1138 ΙΙ,
1135 1077 1159 1139 1,
1179 1077 1222 1130 38.

121 1161 259 1214 Tautain
278 1175 330 1229 qua
348 1159 547 1228 populus'lusit
565 1153 832 1215 Erichthonius.
1060 1164 1098 1228 ΙΙ,
1135 1167 1160 1228 6,
1196 1164 1222 1218 4.

121 1249 216 1304 Gloria
234 1249 268 1303 ed
287 1248 413 1302 hibernos
431 1249 489 1303 lata
508 1249 799 1318 Borysthenidas.
1061 1253 1098 1316 11,
1136 1253 1225 1317 7,18,

85 1337 133 1409 qui
154 1353 244 1392 versus
262 1340 372 1406 propter
389 1337 497 1390 nomina
516 1337 623 1406 propria
642 1340 762 1392 excusari
780 1342 905 1408 possunt3
925 1343 1022 1411 quater
1040 1341 1070 1394 in
1089 1341 1187 1396 tertio:

121 1429 242 1496 Rumpat
259 1428 292 1480 ut
310 1425 431 1480 adsiduis
448 1425 567 1480 membra
586 1425 812 1482 libidinibus.
1046 1431 1098 1494 ΠΙ,
1135 1432 1160 1494 8,
1181 1431 1222 1485 14.

122 1517 242 1586 Spiritus
260 1515 376 1569 admisso
394 1518 475 1569 notus
493 1515 679 1570 adulterio.
1044 1519 1098 1584 ΙΙΙ,
1117 1521 1160 1584 27,
1180 1521 1223 1574 38.

123 1605 242 1674 Thyrsin
260 1607 289 1658 et
307 1603 420 1658 adtritis
438 1603 566 1672 Daphnin
585 1603 826 1660 arundinibus
1045 1608 1097 1672 ΙΙΙ,
1116 1610 1159 1672 32,
1180 1610 1221 1663 68.

122 1693 263 1748 Laudatur
280 1692 374 1747 faciles
391 1693 464 1747 iuter
482 1692 750 1763 Hamadryadas
1045 1695 1098 1762 ΙΙΙ,
1117 1699 1160 1761 32,
1180 1699 1223 1762 76,

87 1783 170 1838 semel
186 1783 217 1836 in
236 1784 347 1852 quarto:

8 1915 9 1919 ,
123 1873 162 1927 ΕΙ
177 1872 258 1942 ponit
275 1871 354 1924 duras
371 1871 447 1925 inter
463 1870 712 1940 ephemeridas.
1050 1873 1098 1938 IV,
1118 1873 1163 1938 23,
1180 1875 1224 1938 20,

88 1963 171 2016 semel
188 1962 217 2014 in
236 1960 352 2030 quinto:

7 2045 8 2072 ff
122 2051 232 2115 manae
249 2053 278 2104 et
297 2048 438 2102 damnosae
456 2048 517 2102 iura
534 2048 737 2118 pudicitiae.
1065 2051 1098 2118 V,
1136 2052 1161 2117 5,
1180 2053 1223 2108 28.

7 2208 8 2224 ¹
194 2139 235 2194 Ex
252 2139 296 2193 his
312 2139 413 2192 iterum
431 2136 562 2202 ridemus,
579 2137 749 2208 Propertium
768 2139 799 2194 in
817 2140 923 2194 ultimis
942 2140 1022 2195 libris
1039 2141 1162 2196 strictius
1181 2155 1259 2209 regu·

7 2261 8 2266 =
88 2229 130 2284 las
155 2229 281 2284 metricas
298 2243 431 2292 servasse,
455 2212 535 2297 quarn
553 2229 583 2282 in
601 2228 744 2297 prioribus,
762 2229 841 2284 illum
859 2230 944 2284 otiam
963 2231 1134 2300 Lygdamum
1152 2231 1182 2285 in
1201 2231 1260 2285 illis

90 2321 166 2374 libris
184 2335 314 2388 superare.
336 2317 437 2371 Tamen
454 2321 563 2387 propter
580 2333 677 2372 nomeu
694 2319 829 2388 proprium
849 2333 954 2374 versus:

7 2421 9 2487 ζ
125 2409 197 2475 Quae
215 2410 294 2462 notat
312 2406 438 2476 Argynni
456 2421 542 2476 poena
559 2405 862 2462 Athamantiadae.
1050 2409 1098 2474 IV,
1136 2409 1160 2474 6,
1180 2410 1223 2474 2.,

8 2491 9 2503 ’
91 2496 275 2552 admittendus
294 2499 344 2550 est.

133 2586 161 2652 d)
196 2587 346 2655 Supersunt
364 2583 434 2654 apud
451 2585 622 2654 Propertium
640 2601 686 2640 ser
704 2601 810 2652 versus,
833 2585 863 2641 in
881 2586 980 2657 quibus
997 2589 1080 2657 poeta
1097 2603 1188 2642 rotem
1206 2603 1262 2642 mo·

89 2675 256 2745 noayllabam
273 2674 304 2728 in
321 2674 374 2728 flne
391 2674 511 2743 posuisse
530 2673 654 2729 ridetur:

8 2816 9 2826 ,
125 2765 209 2832 Quum
227 2779 335 2833 peeeore
352 2762 445 2832 pudet,
464 2762 594 2832 Cynthia,
613 2766 689 2818 tuta
708 2766 762 2818 sat
778 2767 840 2820 est.
1060 2767 1099 2830 ΙΙ,
1138 2768 1164 2829 6,
1180 2761 1225 2820 40.

9 2898 10 2915 ,
124 2855 234 2909 limina
251 2869 392 2924 persuasae
410 2853 504 2908 fallere
522 2853 606 2908 rima
624 2857 679 2908 sat
695 2856 755 2909 est.
1062 2854 1096 2919 V,
1116 2857 1141 2920 1,
1161 2855 1222 2909 146.

9 2934 10 2947 ’
124 2943 161 2997 llt
179 2960 245 2998 cava
263 2947 387 3012 suscepto
403 2943 514 2998 flumine
532 2943 642 3012 palma
660 2945 715 2998 sat
734 2945 796 2997 est.
824 2934 827 2941 ’
1067 2943 1100 3008 V,
1138 2946 1162 3007 9,
1182 2943 1225 2998 36.

124 3033 179 3088 Uni
197 3033 275 3103 uque
294 3033 392 3101 placet,
410 3033 485 3087 culta
502 3032 618 3101 puella
637 3034 693 3086 sat
711 3034 774 3086 est.
1077 3033 1101 3096 I,
1137 3035 1163 3096 2,
1183 3033 1226 3086 26.

125 3123 196 3176 Laus
215 3122 269 3176 erit
287 3121 442 3189 inmagnis
461 3121 659 3178 etvoluisse
677 3123 733 3175 sat
751 3123 815 3176 est.
1047 3119 1100 3186 ΠΙ,
1138 3124 1163 3185 1,
1201 3121 1226 3174 6,

125 3211 252 3280 Juppiter
270 3209 370 3264 ideireo
388 3210 461 3264 faeta
480 3209 623 3279 superba
642 3209 702 3264 dea
721 3226 763 3264 es.
1048 3209 1100 3274 ΠΙ,
1119 3211 1163 3274 31,
1184 3211 1226 3264 14.

195 3299 319 3370 Quinque
337 3299 439 3368 priores
457 3313 562 3363 versus,
581 3313 662 3368 quum
681 3297 774 3352 eodem
792 3297 870 3352 modo
888 3297 1084 3352 conclusionem
1102 3298 1261 3362 admittant,

91 3406 137 3444 nos
155 3389 280 3444 dubitare
298 3404 353 3442 non
375 3389 477 3452 sinunt,
501 3389 575 3457 quin,
601 3385 671 3456 quod
694 3385 724 3442 1..
744 3387 890 3442 Muellerus
913 3386 938 3440 d.
959 3403 979 3440 r.
998 3403 1033 3440 m.
1057 3403 1082 3456 p.
1107 3388 1262 3442 372811110-

92 3480 177 3533 tavit:
198 3481 333 3542 „osterum
351 3481 383 3531 ut
402 3477 491 3531 obiter
508 3477 559 3531 hoo
571 3489 702 3542 moneam,
722 3476 812 3530 satis
829 3491 902 3530 esse
919 3476 962 3530 rel
981 3479 1036 3530 sat
1054 3489 1124 3529 esse
1141 3492 1188 3545 pro
1207 3475 1262 3530 suf·

90 3567 202 3622 deiende
227 3565 346 3636 positum
372 3566 472 3620 rectius
500 3566 632 3620 scribetur
659 3581 713 3620 una
737 3571 827 3629 rooe“,
846 3580 899 3619 non
918 3565 1004 3620 solum
1021 3564 1135 3629 iustum,
1154 3563 1201 3618 sed
1219 3565 1263 3618 rel

90 3656 268 3710 necessarium
285 3655 477 3719 existimemus,
498 3671 530 3709 ne
553 3658 633 3723 poeta
659 3670 781 3723 peeoesse
800 3653 933 3708 rideatur.
963 3652 1042 3707 Nihil
1060 3657 1152 3707 tamen
1171 3653 1264 3708 obstat

92 3747 230 3816 quominus
249 3761 376 3813 semper
393 3744 451 3808 fiat,
471 3761 553 3814 quum
571 3743 657 3798 forma
675 3743 778 3813 primae
796 3759 925 3813 personae
948 3744 1028 3798 haim
1047 3743 1123 3798 verbi
1142 3742 1263 3798 exhiberi

90 3838 228 3905 meost·

196 3925 229 3978 In
247 3924 345 3978 ultimo
369 3939 431 3978 vero
450 3923 569 3992 exemplo
588 3935 605 3978 a
628 3923 659 3976 in
683 3936 715 3978 es
741 3921 930 3988 elidendurnst,
954 3925 1034 3992 prout
1052 3923 1082 3976 in
1100 3923 1142 3976 est
1160 3933 1264 3991 semper

91 4012 196 4078 aoeidit,
215 4012 436 4083 seribendumque
455 4011 535 4068 dea‘s.

195 4104 269 4158 Haeo
287 4103 343 4158 iere
367 4103 399 4158 do
425 4101 524 4158 finibus
541 4104 773 4172 pentametrorurn
800 4101 912 4156 dicenda
939 4101 1102 4172 putarimus.
1122 4099 1151 4154 ei
1169 4101 1264 4168 poetes

90 4193 163 4248 inter
181 4209 208 4248 se
226 4192 397 4257 conferimus,
416 4192 522 4246 laudem
545 4193 677 4247 maximae
700 4191 865 4259 diligentiae
883 4190 1023 4261 Lygdamo
1041 4189 1174 4253 tribuero,
1197 4188 1264 4242 Pro·

90 4283 207 4352 portium
225 4285 318 4338 autem
335 4283 433 4337 saltem
451 4284 480 4336 in
505 4282 583 4337 libris
607 4279 800 4351 posterioribus
824 4279 934 4336 Tibullo
952 4280 1090 4334 meliorem
1107 4278 1262 4350 praedicare

91 4371 223 4428 debemus.
