2970 5056
742 407 962 482 ..20-

266 579 356 644 lorum
374 587 405 644 at

265 675 380 733 reseram
398 679 431 732 ut

265 767 380 822 cinerem
400 767 429 821 at

265 857 385 925 poteram
404 853 438 910 ad

265 942 411 998 Servitium
430 945 460 999 et

265 1047 356 1086 euram
375 1031 544 1088 exhibiturae

669 587 693 654 1,
728 588 755 655 5,
791 588 817 645 5.

727 677 751 744 Ι,
772 678 813 734 17.

727 857 754 921 9,
771 855 815 911 46.

653 943 692 1010 ΙΙ,
729 946 754 1009 1,
772 945 816 1000 42.

728 1035 753 1098 1,
772 1033 814 1088 61.

265 1120 375 1176 mallem
395 1121 425 1176 iu
726 1121 753 1187 4,
791 1121 815 1176 8.

265 1209 373 1265 eaedem
395 1212 425 1266 et
727 1209 752 1275 4,
772 1211 816 1265 21.

266 1298 457 1368 Spectatuma
643 1297 692 1364 IV,
729 1300 754 1364 2,
791 1299 816 1354 2.

265 1388 408 1442 aarvitium
426 1390 455 1442 et
774 1387 817 1442 54.

265 1475 395 1531 Libatum
412 1474 558 1544 agricolam
668 1474 692 1541 I,
729 1475 816 1541 1,14.

266 1563 401 1620 desertum
419 1562 507 1628 oblita
729 1565 755 1630 1,
773 1565 815 1620 32.

265 1653 406 1723 tergebam
423 1655 546 1709 amenter
728 1655 754 1719 9,
772 1654 816 1709 66.

266 1743 351 1797 etiam
376 1744 499 1798 attonita
729 1743 755 1808 9,
773 1743 817 1798 47.

265 1847 379 1901 reguum
397 1833 450 1888 iata
655 1831 692 1897 Π,
729 1831 755 1896 3,
774 1830 816 1886 59.

266 1924 410 1991 puatquam
429 1920 476 1975 ille
730 1919 755 1984 5,
776 1921 817 1975 19.

266 2009 366 2064 iterum
383 2025 503 2063 erronem
728 2009 753 2073 6,
791 2010 815 2069 6.

266 2095 380 2164 Quidem
398 2096 512 2152 ernaudi
642 2097 691 2164 IV,
728 2099 753 2163 6,
790 2098 815 2153 6.

723 767 749 832 9,
769 767 812 822 12.
885 767 972 839 iprum
994 767 1079 824 etiam

924 588 955 660 γ)
981 588 1015 645 iu
1032 587 1140 660 prima
1157 586 1272 644 theria
1288 583 1398 644 brevi:

886 679 992 734 Possim
1014 694 1064 747 ego
1304 677 1327 742 1,
1347 679 1372 743 6,
1391 678 1428 732 70.

1291 766 1328 832 Il,
1347 769 1372 832 5,
1390 767 1428 822 75.

373 2222 452 2294 Apud
470 2223 640 2294 Lygdamum
658 2239 703 2280 aar
722 2226 865 2295 aequantes
883 2223 983 2280 formae
1000 2224 1141 2281 habemur:

432 2347 460 2419 α)
479 2348 514 2404 in
531 2349 616 2404 arai:

266 2455 383 2511 Nireum
400 2454 524 2511 involvat

267 2547 357 2600 tecum
377 2546 410 2600 ut

267 2636 362 2688 uatum
380 2633 410 2687 iu

267 2720 401 2794 quondam
418 2720 529 2778 Admeti
728 2723 755 2788 4,
775 2723 817 2778 67.

267 2811 383 2881 primum
402 2827 503 2868 annoso
728 2813 755 2877 2,
774 2812 817 2866 19.

374 2934 408 2990 Iu
426 2934 505 2991 lauda
523 2934 666 2990 Messallae
689 2934 818 3004 legimur:

462 3061 490 3131 a)
509 3061 544 3115 iu
562 3061 648 3116 arai:

267 3166 384 3221 Danaam
402 3166 432 3221 iu
758 3168 818 3224 156.

267 3255 352 3310 etiam
369 3253 477 3311 Alcides
741 3265 746 3272 ’
775 3258 817 3313 12.

266 3360 379 3414 prauum
397 3345 534 3402 Aetnaeae
757 3347 817 3402 196.

267 3437 571 3506 quamquamautiquae
773 3435 815 3490 28.

267 3523 351 3577 etiam
368 3522 493 3579 obscuras
773 3523 815 3579 64.

267 3611 380 3666 celerem
398 3615 515 3682 angusto
772 3614 815 3668 91.

730 2459 754 2521 1,
791 2456 816 2512 9.

729 2545 756 2610 6,
793 2544 818 2600 Ι.

729 2635 755 2700 4,
792 2635 818 2689 9.

983 2348 1010 2420 β)
1028 2349 1063 2404 iu
1080 2349 1182 2417 longa
1200 2347 1305 2403 theri:

888 2455 1028 2512 Prodirem
1046 2472 1060 2513 e
1366 2456 1392 2520 9,
1408 2453 1430 2508 9.

985 3063 1013 3132 β)
1030 3060 1067 3116 iu
1084 3060 1188 3129 longa
1205 3059 1308 3116 thari:

889 3166 973 3223 Illum
990 3167 1063 3222 iuter
1395 3166 1434 3222 70.

924 3328 955 3398 y)
974 3327 1009 3382 in
1026 3327 1130 3398 prima
1148 3326 1258 3382 theria
1276 3325 1384 3382 brevi:

888 3432 1058 3503 Quadratum
1075 3434 1146 3490 aeiea
1377 3436 1434 3490 101.

374 3700 452 3773 Apud
472 3701 617 3772 Sulpiciam
640 3717 722 3758 uuam
746 3701 858 3757 formam
882 3700 1024 3759 habemur:
1060 3700 1160 3758 cedam
1179 3702 1274 3772 ignoto
1292 3702 1340 3770 IV,
1359 3705 1401 3770 10,
1420 3705 1435 3758 6

268 3790 298 3845 iu
316 3790 378 3846 arri.

374 3877 427 3935 Sed
445 3879 499 3936 iam
518 3880 642 3952 Properti
669 3881 764 3936 aeriam
787 3879 943 3952 producturi
968 3879 1135 3951 singulorum
1162 3879 1292 3937 librorum
1319 3884 1435 3954 exempla

266 3966 438 4038 proferemus.

373 4093 406 4149 Iu
423 4093 510 4165 primo
528 4093 598 4150 libro
615 4093 758 4151 habemus:

431 4219 459 4291 α)
477 4219 512 4274 in
530 4219 614 4275 arai:

265 4327 359 4384 Etiam
376 4324 475 4398 Hylaei

267 4417 395 4490 quiquam
412 4433 444 4474 ex

670 4326 693 4394 Ι,
729 4329 755 4392 1,
775 4326 816 4384 13.

727 4416 755 4482 4,
773 4416 816 4472 26.
887 4417 987 4474 eireum
1005 4433 1097 4474 omuaa

969 4219 996 4292 β)
1014 4219 1048 4276 iu
1066 4220 1171 4292 leuga
1188 4219 1296 4278 thasie

889 4323 1048 4398 correptum
1065 4327 1158 4385 ardore
1308 4329 1332 4397 Ι,
1349 4331 1375 4397 9,
1393 4332 1433 4390 13.

1347 4419 1373 4485 4,
1391 4422 1431 4477 21.
