2970 5056
555 373 776 444 -lb—

66 551 154 610 nulla
172 551 290 610 humano

67 645 136 700 sola
154 646 220 699 onte

456 552 504 619 IV,
524 554 567 618 13,
586 554 628 610 10.

523 644 565 708 13,
586 643 627 698 16.

239 784 310 856 apud
322 783 505 856 Lygdamum:

281 911 308 980 α)
327 909 362 964 11
380 910 464 965 arsi:

68 1017 193 1072 Nemore
215 1018 246 1072 in
540 1017 627 1083 111.

69 1105 152 1162 culta
170 1111 200 1162 et
540 1107 566 1171 4,
585 1107 627 1161 92.

221 1250 251 1304 in
268 1250 347 1304 laude
365 1249 520 1305 Messallae:

274 1376 303 1441 α)
326 1373 363 1428 iu
386 1373 469 1429 ersi:

72 1481 161 1536 Nulla
179 1481 282 1536 incerto
568 1481 627 1537 155.

70 1571 153 1626 lenta
172 1571 287 1626 excelsos
566 1571 625 1626 171.

71 1660 187 1715 fortuna
206 1663 238 1714 11
565 1659 624 1715 182.

699 911 725 980 β)
750 911 784 965 11
803 910 950 966 seeundo
973 911 1086 966 thesis
1104 911 1215 968 brevi:

700 1017 772 1072 Lilia
791 1021 820 1072 et
1162 1020 1188 1086 4,
1207 1021 1250 1076 34.

701 1107 778 1176 inpia
797 1106 826 1160 in
1157 1109 1182 1174 5,
1205 1110 1250 1164 14.

790 1372 870 1444 11111
894 1371 1004 1442 longa
1022 1369 1125 1430 thesi:

699 1478 824 1536 Fecunda
841 1479 999 1566 Atlantidos
1208 1481 1249 1538 77.

71 1767 87 1804 1
108 1750 208 1820 quibus
226 1750 315 1804 miuus
333 1749 454 1804 limatiee
479 1732 674 1804 existimandae
692 1750 770 1802 sunt:
789 1764 860 1816 agne
879 1749 978 1818 exigui,
997 1747 1054 1804 liba
1072 1748 1138 1819 ipse,
1157 1751 1250 1806 tenera

70 1839 156 1903 irato,
175 1839 234 1908 ipsa
254 1855 312 1908 ego,
332 1839 408 1893 nulla
426 1839 553 1894 humano,

183 1927 263 1997 Apud
280 1928 449 1998 Propertium
469 1943 597 1996 magnum
619 1927 715 1981 harum
739 1927 961 1997 synaloepharum
988 1943 1126 1982 nnmerum
1145 1925 1250 1983 inveni·

71 2034 143 2082 mus,
164 2033 178 2070 e
197 2016 293 2086 quibus
310 2017 397 2087 primo
415 2017 540 2086 optimas,
559 2015 655 2070 deinde
673 2017 762 2070 minus
780 2016 864 2071 bonas
883 2017 1030 2071 afferemus.
1062 2015 1063 2018 ’

451 2177 499 2248 aa)
517 2175 692 2232 Elisiones
715 2177 877 2247 optimae:

273 2301 301 2372 α)
324 2301 359 2357 in
382 2303 467 2357 arsi:

71 2407 179 2462 411111
198 2407 316 2462 externis

73 2500 170 2550 vetera
189 2495 283 2551 oblitis

72 2585 186 2655 pulsata
203 2585 326 2654 indignis

72 2675 135 2728 loca
154 2678 184 2728 et

72 2762 157 2817 Nuda
174 2766 266 2833 erepto

76 2856 186 2922 sumpta
204 2856 233 2907 et

76 2946 172 2996 tenera
190 2941 303 2996 adsidue

77 3032 157 3101 sique
174 3031 274 3085 Arabio

76 3137 133 3175 une
152 3137 180 3174 es

76 3212 199 3265 Romana
217 3208 356 3264 aoeumhes

77 3299 174 3368 gavisa
192 3316 220 3354 es

77 3390 168 3443 visura
186 3392 215 3443 11
255 3407 259 3414 ·

78 3477 160 3532 rerba
178 3481 207 3532 et

77 3567 177 3622 Anima
195 3583 226 3621 er
451 3565 503 3631 111,

77 3658 205 3726 pharetra
223 3671 255 3709 ex

78 3748 156 3816 siqua
174 3745 302 3799 inlustres

78 3835 163 3906 spolia
180 3835 246 3888 haee

78 3928 184 3980 servata
202 3941 238 3978 en

78 4014 166 4068 multa
183 4013 309 4082 adposita

480 2407 503 2473 1,
540 2410 565 2473 1,
584 2410 628 2464 11.

540 2500 565 2563 1,
584 2500 626 2554 11.

524 2588 566 2652 11,
603 2589 628 2653 1,

523 2677 565 2740 11,
603 2677 627 2730 1.

431 2838 434 2844 ¹
466 2763 504 2829 11,
541 2766 627 2829 1,13.

539 2855 565 2918 1,
584 2855 628 2912 33.

541 2944 565 3007 1,
585 2944 626 2998 es

540 3033 566 3097 3,
586 3033 627 3087 13.

539 3122 565 3184 3,
584 3123 627 3176 11.

540 3211 566 3274 1,
583 3211 626 3265 3o.

541 3299 565 3363 1,
597 3291 627 3353 1.

539 3389 565 3452 1,
602 3388 627 3442 1.

540 3477 566 3541 1,
585 3477 629 3531 31.

540 3568 565 3630 1,
584 3567 626 3620 11.

539 3657 565 3719 1,
585 3656 627 3710 11.

537 3744 564 3808 4,
584 3745 626 3799 11.

539 3834 564 3896 1,
583 3833 626 3888 11.

540 3923 565 3986 1,
583 3923 626 3977 30.

539 4011 564 4075 1,
600 4013 626 4066 3.

540 4101 565 4165 1,
583 4100 627 4154 41

537 4192 562 4255 1,
581 4191 623 4244 11.

519 4279 561 4344 11,
581 4281 622 4334 13.

523 4370 566 4434 13,
584 4369 628 4424 13.

78 4106 170 4158 nostra
188 4101 330 4156 Actiacum

78 4192 144 4247 folia
162 4195 270 4246 erentes

78 4285 186 4352 experta
204 4283 234 4335 iu

78 4372 137 4427 rita
154 4371 291 4440 experiare

788 2304 815 2372 β)
843 2301 878 2355 in
896 2301 1000 2370 longa
1018 2301 1125 2356 thesi:

698 2411 793 2478 Regna
810 2411 860 2463 eut
1105 2407 1128 2474 1,
1145 2407 1187 2472 14,
1205 2408 1249 2464 24.

699 2497 759 2552 fata
777 2512 907 2566 opponere
1145 2498 1187 2562 17,
1207 2500 1250 2554 11.

701 2586 810 2640 fortune
828 2584 944 2639 occurrit
1145 2587 1188 2651 20,
1224 2588 1249 2642 3.

700 2675 820 2744 dispersa
838 2673 975 2728 invenerit
1144 2677 1187 2740 21,
1224 2677 1248 2731 9.

699 2780 823 2834 perpessa
841 2779 869 2818 es

700 2853 790 2907 'lanta
808 2853 837 2906 in

699 2942 830 3013 Eriphyla
843 2941 950 2996 invenit

700 3031 829 3100 fugienda
848 3031 913 3086 haee

699 3137 753 3175 una
772 3123 821 3174 aut

700 3296 821 3352 subiecta
839 3312 946 3350 exurere

698 3385 818 3440 animose
836 3383 978 3453 effringere

700 3474 834 3529 fabricata
852 3491 866 3528 e
1012 3465 1015 3471 ⁵

699 3565 758 3634 (ubi
769 3564 840 3618 aliae
852 3562 995 3616 lectiones:
1011 3561 1144 3617 fabricata
1155 3563 1249 3618 inven-

737 3670 776 3718 ea,
795 3651 930 3707 fabricata
947 3652 1079 3719 inventa).

1035 3773 1037 3780 ,
1075 3741 1124 3805 IV,
1142 3742 1186 3807 22,
1204 3742 1248 3796 38.

1090 3829 1124 3895 V,
1161 3831 1185 3894 6,
1205 3830 1248 3888 15.

1161 3921 1185 3985 7,
1204 3921 1246 3975 91.

699 3759 762 3796 sarra
780 3745 810 3796 et

697 3831 852 3886 Athamana
869 3829 904 3885 ad

698 3921 818 3975 Lethaea
836 3919 871 3974 ad

717 4083 747 4150 y)
766 4081 800 4135 in
865 4079 932 4134 ima
951 4079 1069 4134 thesis
1086 4078 1194 4134 brevi:

695 4187 808 4242 Placete
826 4186 916 4242 aderit
1100 4186 1123 4251 Ι,
1144 4187 1186 4251 14,
1205 4185 1248 4241 23.

694 4277 788 4348 Aeque
806 4280 835 4332 et
1084 4275 1121 4338 H,
1157 4275 1184 4339 4,
1221 4276 1246 4330 6.

699 4366 821 4422 Fortuna
839 4365 944 4437 aliquid
1070 4363 1124 4431 III,
1144 4364 1185 4431 15,
1205 4364 1248 4424 18.
