2970 5056
726 373 950 444 ..50-

356 552 392 610 lis
410 553 483 618 iocis,
502 551 590 608 decies
608 555 704 623 quator
716 551 787 622 apud
805 553 982 622 Propertium
1020 551 1074 607 (tur
1091 551 1205 606 formam
1217 551 1327 615 13311333,
1343 565 1413 620 quae

357 645 459 713 primae
477 643 618 698 simillima
636 645 758 712 apparet,
777 645 835 698 tam
853 645 932 696 caute
951 642 1082 698 eritariut
1100 644 1203 710 poetae,
1221 639 1414 694 1331311331-

357 733 428 786 lerus
446 731 580 786 iudicavit
598 731 630 785 de
649 731 778 786 incisione
796 734 859 800 post
876 734 1003 801 quartum
1027 731 1182 784 trochaeum
1209 729 1344 794 dissertum
1368 731 1415 781 ta-

356 838 418 878 meu
436 837 489 876 nou
514 823 556 875 est
578 837 626 875 cur
650 820 820 890 Lygdamum
838 821 934 874 ceteris
958 821 1121 876 strictiorem
1139 819 1303 876 melioremve
1319 817 1366 870 hac
1379 817 1414 869 in

356 927 385 966 re
403 910 593 980 praedicemus,
622 927 702 980 quum
730 910 815 964 etiam
834 909 960 966 Tibullus
977 911 1007 963 iu
1025 909 1095 964 libro
1113 910 1199 978 primo
1217 909 1294 963 semel
1310 911 1415 961 tantm

357 1001 516 1054 incisionem
528 1000 691 1054 trochaicam
704 999 852 1054 admiserit.
870 999 922 1054 Sed
935 999 967 1053 de
979 1000 1030 1053 hac
1046 1015 1075 1053 re
1086 1015 1171 1068 pauca
1182 999 1212 1052 iu
1224 999 1274 1052 flue
1285 996 1414 1051 addemus.

411 1089 530 1154 Formas,
550 1105 617 1159 quus
635 1105 695 1143 cum
713 1090 756 1154 iis,
779 1105 846 1158 quas
863 1088 942 1142 modo
965 1088 1143 1152 laudavimus,
1162 1103 1312 1157 componere
1331 1101 1416 1154 posse·

357 1194 425 1242 mus,
443 1193 540 1246 paucas
553 1176 622 1246 apud
634 1177 767 1245 elegiacos
779 1178 939 1242 invenimus,
958 1178 1150 1246 quoniamque
1168 1176 1309 1246 perfectius
1325 1189 1416 1244 poema

358 1270 408 1331 est,
435 1283 466 1320 eo
484 1267 570 1322 rarius
589 1266 631 1319 his
649 1270 679 1320 et
697 1265 831 1320 similibus
849 1265 942 1320 formis
960 1265 1141 1320 dedecoratur.

412 1353 535 1409 Formam
554 1353 638 1410 hanc:

410 1441 552 1498 Maecenas
579 1444 687 1497 nostrae
713 1458 774 1511 pars
807 1441 1000 1496 invidiosae
1032 1443 1204 1507 iuventam
1232 1441 1351 1496 Tibullus
1372 1439 1416 1494 bis

358 1531 408 1602 (II,
428 1535 452 1596 1,
471 1532 518 1595 61;
537 1530 563 1595 b,
582 1532 636 1599 33),
654 1531 811 1600 Propertius
830 1534 926 1602 quater
943 1531 992 1600 (Η,
1012 1533 1037 1596 1,
1055 1531 1099 1596 39,
1119 1532 1168 1596 733
1190 1531 1243 1596 Ill,
1264 1533 1303 1595 19,
1322 1531 1365 1593 13;
1380 1528 1415 1592 V,

359 1623 385 1685 1,
406 1621 449 1690 79)
477 1637 541 1676 usus
560 1623 609 1685 est,
638 1623 745 1689 praeter
763 1636 829 1690 quos
855 1619 927 1690 apud
952 1621 1121 1690 P10pertium
1145 1637 1237 1674 versus
1260 1621 1345 1675 miuus
1365 1618 1416 1672 313-

358 1712 457 1777 gantes
475 1707 617 1763 secundam
635 1708 705 1762 hauc
721 1709 845 1776 regulam
863 1709 992 1763 forruutos
1010 1709 1138 1777 legimus:

412 1799 482 1854 Nam
500 1814 591 1853 cursus
609 1798 674 1852 licet
691 1795 783 1852 Aetoli
801 1797 932 1853 referas
950 1797 1098 1852 Acheloi.
1249 1799 1300 1863 III,
1317 1798 1356 1860 32,
1373 1796 1416 1850 33.

415 1887 472 1942 Hoc
489 1887 574 1941 etiam
594 1902 675 1954 grave
688 1890 756 1950 erat,
774 1887 851 1940 nulla
868 1886 1018 1944 mercede
1036 1887 1249 1956 hyacinthos.
1268 1887 1300 1951 V,
1335 1886 1417 1950 μ133.

412 1975 465 2031 Sed
483 1976 561 2044 thyio
579 1975 699 2029 thalamo
718 1979 767 2030 aut
784 1975 901 2030 Oricia
919 1976 1123 2032 terebintho
1131 1997 1139 2042 i
1252 1976 1300 2041 IV,
1334 1976 1356 2038 6,
1373 1974 1416 2028 43.

360 2081 426 2135 quas
444 2063 542 2118 formas
561 2063 684 2118 Tibullus
702 2080 762 2118 cum
779 2065 836 2119 suia
855 2066 964 2120 vitarit

360 2155 385 2212 3.
423 2153 542 2208 Tertiam
561 2153 691 2221 regulum,
719 2153 753 2208 ad
779 2153 873 2223 pedem
900 2153 1059 2224 expleudum
1076 2154 1289 2224 monosyllabum
1307 2153 1417 2221 arripis

253 2243 378 2300 trochaeo
400 2242 445 2295 vel
472 2257 488 2294 a
521 2242 705 2310 monosyllabo
729 2243 810 2310 lengo
834 2243 1023 2311 praecedente,
1051 2247 1100 2298 aut
1123 2243 1287 2313 disyllabum
1313 2243 1418 2310 longum

253 2333 298 2388 vel
316 2331 368 2388 duo
386 2330 571 2400 monosyllaba
589 2330 683 2386 brevia
700 2331 735 2385 ad
752 2331 967 2402 monosyllabum
990 2332 1101 2403 longum
1120 2333 1202 2398 trahi,
1229 2334 1311 2387 variis
1336 2330 1418 2386 modis

252 2424 349 2491 poetae
366 2420 556 2475 adhibuerunt.

316 2510 343 2580 3)
362 2509 481 2563 Ultimus
499 2525 554 2578 pes,
573 2512 605 2564 ut
622 2509 739 2578 primum
756 2509 863 2565 nudum
875 2511 1012 2581 explicem,
1033 2513 1148 2582 primam
1160 2512 1282 2580 regulam
1293 2510 1416 2581 sequitur,

361 2614 440 2668 quem
458 2596 596 2666 praecedit
614 2615 664 2652 sex
682 2600 866 2669 monosyllaba
884 2599 918 2654 ad
935 2600 1030 2670 pedem
1047 2603 1173 2672 quintum
1192 2599 1356 2670 expleudum,
1373 2598 1418 2668 qui
1465 2659 1466 2684 1

361 2688 406 2742 rel
431 2703 449 2742 a
475 2687 562 2757 prima
581 2688 624 2742 vel
650 2705 666 2742 3
692 2688 781 2744 media
807 2690 922 2760 quadam
949 2692 1022 2748 vocis
1047 2691 1294 2762 eutepaeuultimae
1319 2688 1417 2760 syllaba
1465 2691 1466 2700 ¹

361 2776 467 2845 incipit.

361 2867 391 2931 α)
414 2865 510 2920 Forma
528 2865 616 2933 igitur
633 2866 721 2935 prima
742 2867 795 2921 erit
813 2867 893 2922 haec:

415 2954 585 3022 utmagnus
603 2954 709 3010 Caesar.
728 2956 780 3011 Sed
803 2973 918 3025 maguus
936 2956 1060 3013 Caesar
1078 2958 1114 3016 in
1140 2958 1259 3024 armis3

362 3059 441 3113 quam
461 3044 543 3097 vicies
561 3043 604 3097 bis
622 3045 693 3112 apud
715 3046 861 3111 Tibullum,
889 3047 970 3101 semel
998 3047 1069 3117 apud
1090 3047 1267 3118 Lygdamum,
1290 3046 1374 3102 decies
1391 3047 1418 3100 iu

363 3130 442 3185 laude
469 3131 619 3197 Messallae,
646 3132 808 3203 quadragies
838 3138 934 3205 quater
963 3136 1034 3206 apud
1060 3137 1230 3206 Propertium
1260 3137 1417 3198 invenimus;

363 3237 444 3291 quam
463 3220 617 3290 Lygdamus
636 3223 798 3292 improbasse
816 3223 932 3291 videtur,
951 3225 1000 3280 illa
1018 3229 1126 3280 tautum
1145 3229 1233 3292 utens,
1254 3225 1302 3280 ubi
1318 3226 1419 3280 nomine

363 3310 468 3380 proprio
486 3311 626 3365 licentiam
643 3311 698 3366 sibi
711 3312 876 3368 vindicarit:

363 3398 496 3455 Convenit
511 3415 542 3454 33
555 3417 639 3470 aequo
651 3417 699 3456 nec
723 3404 816 3456 torvus
828 3402 910 3460 Liber
928 3404 957 3458 iu
975 3404 1038 3458 illis.
1059 3405 1084 3469 6,
1103 3405 1146 3459 19.

362 3489 389 3559 β)
413 3489 443 3543 Si
460 3505 506 3558 pes
525 3490 636 3558 quintus
654 3505 670 3544 a
689 3489 777 3544 media
794 3490 899 3560 syllaba
918 3491 1040 3561 incipiat,
1058 3492 1139 3561 louge
1157 3491 1348 3550 usitatissimus
1366 3507 1418 3546 mo·

363 3576 412 3632 dus
439 3580 489 3642 est,
512 3579 535 3632 si
559 3579 646 3647 prima
673 3578 744 3634 secte
767 3579 991 3650 palimbacchieae
1009 3582 1056 3653 1-
1075 3611 1109 3622 ·-
1129 3582 1173 3652 υ)
1194 3581 1299 3651 syllaba
1324 3579 1417 3635 thesim

364 3669 489 3736 quartam
508 3667 631 3736 complet,
649 3671 683 3722 ut
700 3668 750 3722 hoc
769 3685 859 3726 versu·

416 3753 489 3822 Ergo
508 3771 566 3808 cum
585 3758 694 3810 tenuem
712 3755 786 3810 fuero
804 3757 987 3812 mutatus'
979 3775 1013 3812 ru
1032 3757 1191 3823 umbram

364 3859 442 3913 quem
460 3843 568 3898 modum
586 3845 670 3900 etiam
688 3844 843 3914 Lygdamus
861 3849 958 3917 quater
981 3847 1116 3913 adhibuit,
1145 3847 1268 3902 Tibullus
1285 3847 1362 3902 vicies
1382 3864 1418 3904 se·
1465 3825 1466 3872 1

363 3932 425 3996 mel,
445 3931 570 3988 laudator
587 3932 729 3988 Messallae
748 3937 852 4004 quater,
870 3935 1027 4005 Propertius
1046 3935 1207 4006 quadragies
1224 3937 1312 3990 semel.

363 4020 394 4092 γ)
419 4019 470 4076 Pes
497 4039 558 4077 sero
586 4023 697 4094 quintus
724 4025 834 4079 etiam
825 4026 942 4094 lucipere
961 4028 1095 4096 potesta
1113 4025 1217 4095 syllaba
1244 4026 1326 4080 tertia
1349 4027 1417 4082 vocis

364 4109 521 4180 rhythmum
539 4113 650 4180 paeonis
667 4114 746 4168 tertii
764 4113 1107 4183 (νυ-»1133333113
1126 4114 1175 4168 hoc
1192 4112 1284 4168 modos

417 4197 455 4255 At
473 4202 505 4256 tu
522 4201 624 4256 natalia
642 4201 742 4257 multos
761 4201 968 4257 celebrande
989 4219 1046 4272 per
1064 4219 1184 4268 auuos;
1465 4177 1466 4240 1

364 4287 576 4360 3333133333
596 4289 720 4346 Tibullus
737 4292 837 4360 septies
848 4290 983 4357 adhibuit
1001 4291 1157 4362 Propertius
1174 4290 1332 4358 undevicies,
1347 4265 1466 4370 13331

365 4378 505 4438 (1333333
492 4377 648 4434 tlaudator
664 4378 806 4434 1133331133
823 4381 988 4436 vitaverunt

1465 4731 1466 4798 1

1465 4833 1466 4919 1
