<?xml version="1.0" encoding="UTF-8"?>
<!DOCTYPE html PUBLIC "-//W3C//DTD XHTML 1.0 Transitional//EN"
    "http://www.w3.org/TR/xhtml1/DTD/xhtml1-transitional.dtd">
<html xmlns="http://www.w3.org/1999/xhtml" xml:lang="en" lang="en">
 <head>
  <title>
</title>
<meta http-equiv="Content-Type" content="text/html;charset=utf-8" />
  <meta name='ocr-system' content='tesseract 3.04.00' />
  <meta name='ocr-capabilities' content='ocr_page ocr_carea ocr_par ocr_line ocrx_word'/>
</head>
<body>
  <div class='ocr_page' id='page_1' title='image "./demetricisinter00engbgoog_0049.png"; bbox 0 0 2970 5056; ppageno 0'>
   <div class='ocr_carea' id='block_1_1' title="bbox 737 363 958 464">
    <p class='ocr_par' dir='ltr' id='par_1_1' title="bbox 737 363 958 464">
     <span class='ocr_line' id='line_1_1' title="bbox 737 363 958 464; baseline 0.009 -18"><span class='ocrx_word' id='word_1_1' title='bbox 737 363 958 464; x_wconf 70' lang='grc'>-’46-</span> 
     </span>
    </p>
   </div>
   <div class='ocr_carea' id='block_1_2' title="bbox 255 569 1470 4554">
    <p class='ocr_par' dir='ltr' id='par_1_2' title="bbox 262 569 1432 892">
     <span class='ocr_line' id='line_1_2' title="bbox 263 569 1431 641; baseline -0.003 -16"><span class='ocrx_word' id='word_1_2' title='bbox 263 571 387 626; x_wconf 90' lang='lat' dir='ltr'><strong>omnibus</strong></span> <span class='ocrx_word' id='word_1_3' title='bbox 405 586 541 626; x_wconf 89' lang='lat' dir='ltr'><strong>caesuram</strong></span> <span class='ocrx_word' id='word_1_4' title='bbox 554 569 665 626; x_wconf 88' lang='lat' dir='ltr'><strong>admitti</strong></span> <span class='ocrx_word' id='word_1_5' title='bbox 687 571 792 640; x_wconf 90' lang='lat' dir='ltr'><strong>saepius</strong></span> <span class='ocrx_word' id='word_1_6' title='bbox 809 571 971 636; x_wconf 87' lang='lat' dir='ltr'><strong>invenimus,</strong></span> <span class='ocrx_word' id='word_1_7' title='bbox 993 571 1031 626; x_wconf 90' lang='lat' dir='ltr'><strong>sic</strong></span> <span class='ocrx_word' id='word_1_8' title='bbox 1050 571 1207 640; x_wconf 78' lang='lat' dir='ltr'><strong>Propertius</strong></span> <span class='ocrx_word' id='word_1_9' title='bbox 1219 572 1346 641; x_wconf 79' lang='lat' dir='ltr'><strong>scripsit:</strong></span> <span class='ocrx_word' id='word_1_10' title='bbox 1368 570 1431 624; x_wconf 83' lang='lat' dir='ltr'><strong>Hseo</strong></span> 
     </span>
     <span class='ocr_line' id='line_1_3' title="bbox 263 658 1432 730; baseline -0.003 -16"><span class='ocrx_word' id='word_1_11' title='bbox 263 663 335 714; x_wconf 90' lang='lat' dir='ltr'><strong>certe</strong></span> <span class='ocrx_word' id='word_1_12' title='bbox 354 658 459 713; x_wconf 88' lang='lat' dir='ltr'><strong>deserta</strong></span> <span class='ocrx_word' id='word_1_13' title='bbox 478 659 535 713; x_wconf 91' lang='lat' dir='ltr'><strong>loca</strong></span> <span class='ocrx_word' id='word_1_14' title='bbox 554 662 582 713; x_wconf 91' lang='lat' dir='ltr'><strong>et</strong></span> <span class='ocrx_word' id='word_1_15' title='bbox 599 661 620 726; x_wconf 80' lang='lat' dir='ltr'><strong>ll</strong></span> <span class='ocrx_word' id='word_1_16' title='bbox 638 659 775 714; x_wconf 86' lang='lat' dir='ltr'><strong>taciturna</strong></span> <span class='ocrx_word' id='word_1_17' title='bbox 800 660 938 730; x_wconf 87' lang='lat' dir='ltr'><strong>querauti;</strong></span> <span class='ocrx_word' id='word_1_18' title='bbox 967 659 1090 714; x_wconf 79' lang='lat' dir='ltr'>Tibullus</span> <span class='ocrx_word' id='word_1_19' title='bbox 1110 677 1171 715; x_wconf 90' lang='lat' dir='ltr'><strong>vero</strong></span> <span class='ocrx_word' id='word_1_20' title='bbox 1193 661 1223 716; x_wconf 91' lang='lat' dir='ltr'><strong>in</strong></span> <span class='ocrx_word' id='word_1_21' title='bbox 1242 677 1332 725; x_wconf 89' lang='lat' dir='ltr'><strong>versu,</strong></span> <span class='ocrx_word' id='word_1_22' title='bbox 1362 675 1432 728; x_wconf 89' lang='lat' dir='ltr'><strong>quem</strong></span> 
     </span>
     <span class='ocr_line' id='line_1_4' title="bbox 262 747 1431 821; baseline -0.001 -19"><span class='ocrx_word' id='word_1_23' title='bbox 262 747 341 802; x_wconf 92' lang='lat' dir='ltr'><strong>modo</strong></span> <span class='ocrx_word' id='word_1_24' title='bbox 359 747 545 817; x_wconf 78' lang='lat' dir='ltr'>descripsimus</span> <span class='ocrx_word' id='word_1_25' title='bbox 564 748 597 817; x_wconf 81' lang='lat' dir='ltr'><strong>(I,</strong></span> <span class='ocrx_word' id='word_1_26' title='bbox 617 750 642 814; x_wconf 91' lang='lat'><strong>8,</strong></span> <span class='ocrx_word' id='word_1_27' title='bbox 662 751 697 816; x_wconf 81' lang='lat' dir='ltr'><strong>l),</strong></span> <span class='ocrx_word' id='word_1_28' title='bbox 716 749 808 804; x_wconf 89' lang='lat' dir='ltr'><strong>eodem</strong></span> <span class='ocrx_word' id='word_1_29' title='bbox 827 749 904 804; x_wconf 93' lang='lat' dir='ltr'><strong>modo</strong></span> <span class='ocrx_word' id='word_1_30' title='bbox 917 765 1054 804; x_wconf 87' lang='lat' dir='ltr'><strong>caesuram</strong></span> <span class='ocrx_word' id='word_1_31' title='bbox 1067 748 1202 816; x_wconf 78' lang='lat' dir='ltr'>adhibuit,</span> <span class='ocrx_word' id='word_1_32' title='bbox 1224 767 1306 821; x_wconf 91' lang='lat' dir='ltr'><strong>quem</strong></span> <span class='ocrx_word' id='word_1_33' title='bbox 1320 749 1350 802; x_wconf 93' lang='lat' dir='ltr'><strong>in</strong></span> <span class='ocrx_word' id='word_1_34' title='bbox 1363 765 1431 802; x_wconf 91' lang='lat' dir='ltr'><strong>verso</strong></span> 
     </span>
     <span class='ocr_line' id='line_1_5' title="bbox 263 837 550 892; baseline -0.003 0"><span class='ocrx_word' id='word_1_35' title='bbox 263 854 280 892; x_wconf 91' lang='lat' dir='ltr'><strong>a</strong></span> <span class='ocrx_word' id='word_1_36' title='bbox 297 837 427 892; x_wconf 89' lang='lat' dir='ltr'><strong>Muellero</strong></span> <span class='ocrx_word' id='word_1_37' title='bbox 445 837 550 892; x_wconf 88' lang='lat' dir='ltr'><strong>adlato:</strong></span> 
     </span>
    </p>

    <p class='ocr_par' dir='ltr' id='par_1_3' title="bbox 262 922 1432 1264">
     <span class='ocr_line' id='line_1_6' title="bbox 370 922 1432 996; baseline -0.003 -16"><span class='ocrx_word' id='word_1_38' title='bbox 370 925 486 980; x_wconf 75' lang='lat' dir='ltr'><strong>Labitur</strong></span> <span class='ocrx_word' id='word_1_39' title='bbox 504 925 695 996; x_wconf 84' lang='lat' dir='ltr'><strong>exanimisque,</strong></span> <span class='ocrx_word' id='word_1_40' title='bbox 714 929 832 982; x_wconf 76' lang='lat' dir='ltr'><strong>tremum</strong></span> <span class='ocrx_word' id='word_1_41' title='bbox 849 926 1001 996; x_wconf 89' lang='lat' dir='ltr'><strong>procumbit</strong></span> <span class='ocrx_word' id='word_1_42' title='bbox 1019 927 1096 982; x_wconf 92' lang='lat' dir='ltr'><strong>humi</strong></span> <span class='ocrx_word' id='word_1_43' title='bbox 1107 926 1170 993; x_wconf 89' lang='lat' dir='ltr'><strong>bos;</strong></span> <span class='ocrx_word' id='word_1_44' title='bbox 1190 927 1349 982; x_wconf 86' lang='lat' dir='ltr'><strong>adhibitum</strong></span> <span class='ocrx_word' id='word_1_45' title='bbox 1367 922 1432 978; x_wconf 87' lang='lat' dir='ltr'><strong>vide·</strong></span> 
     </span>
     <span class='ocr_line' id='line_1_7' title="bbox 262 1015 1432 1086; baseline -0.003 -16"><span class='ocrx_word' id='word_1_46' title='bbox 262 1032 329 1070; x_wconf 90' lang='lat' dir='ltr'><strong>mus.</strong></span> <span class='ocrx_word' id='word_1_47' title='bbox 365 1015 406 1070; x_wconf 90' lang='lat' dir='ltr'><strong>Ne</strong></span> <span class='ocrx_word' id='word_1_48' title='bbox 424 1017 515 1069; x_wconf 89' lang='lat' dir='ltr'><strong>tamen</strong></span> <span class='ocrx_word' id='word_1_49' title='bbox 534 1019 642 1085; x_wconf 88' lang='lat' dir='ltr'><strong>propter</strong></span> <span class='ocrx_word' id='word_1_50' title='bbox 660 1016 813 1086; x_wconf 86' lang='lat' dir='ltr'><strong>opinionem</strong></span> <span class='ocrx_word' id='word_1_51' title='bbox 832 1017 916 1070; x_wconf 92' lang='lat' dir='ltr'><strong>solam</strong></span> <span class='ocrx_word' id='word_1_52' title='bbox 934 1017 999 1070; x_wconf 88' lang='lat' dir='ltr'><strong>haec</strong></span> <span class='ocrx_word' id='word_1_53' title='bbox 1021 1017 1165 1085; x_wconf 85' lang='lat' dir='ltr'><strong>protulisse</strong></span> <span class='ocrx_word' id='word_1_54' title='bbox 1179 1017 1329 1080; x_wconf 87' lang='lat' dir='ltr'><strong>videamur,</strong></span> <span class='ocrx_word' id='word_1_55' title='bbox 1350 1029 1432 1068; x_wconf 88' lang='lat' dir='ltr'><strong>versus</strong></span> 
     </span>
     <span class='ocr_line' id='line_1_8' title="bbox 262 1103 1432 1174; baseline -0.005 -14"><span class='ocrx_word' id='word_1_56' title='bbox 262 1104 484 1170; x_wconf 82' lang='lat' dir='ltr'>enumerabimus,</span> <span class='ocrx_word' id='word_1_57' title='bbox 510 1104 558 1160; x_wconf 92' lang='lat' dir='ltr'><strong>ubi</strong></span> <span class='ocrx_word' id='word_1_58' title='bbox 580 1104 693 1160; x_wconf 90' lang='lat' dir='ltr'><strong>eandem</strong></span> <span class='ocrx_word' id='word_1_59' title='bbox 720 1121 856 1160; x_wconf 89' lang='lat' dir='ltr'><strong>caesuram</strong></span> <span class='ocrx_word' id='word_1_60' title='bbox 883 1104 953 1174; x_wconf 89' lang='lat' dir='ltr'><strong>apud</strong></span> <span class='ocrx_word' id='word_1_61' title='bbox 975 1105 1108 1174; x_wconf 76' lang='lat' dir='ltr'><strong>elegiacos</strong></span> <span class='ocrx_word' id='word_1_62' title='bbox 1126 1105 1289 1160; x_wconf 79' lang='lat' dir='ltr'><strong>invenimus.</strong></span> <span class='ocrx_word' id='word_1_63' title='bbox 1327 1103 1432 1159; x_wconf 84' lang='lat' dir='ltr'><strong>Schema</strong></span> 
     </span>
     <span class='ocr_line' id='line_1_9' title="bbox 262 1194 494 1264; baseline 0 -16"><span class='ocrx_word' id='word_1_64' title='bbox 262 1194 350 1262; x_wconf 85' lang='lat' dir='ltr'><strong>igitur</strong></span> <span class='ocrx_word' id='word_1_65' title='bbox 368 1211 494 1264; x_wconf 87' lang='lat' dir='ltr'><strong>sequens:</strong></span> 
     </span>
    </p>

    <p class='ocr_par' dir='ltr' id='par_1_4' title="bbox 260 1279 1432 1620">
     <span class='ocr_line' id='line_1_10' title="bbox 368 1279 1432 1352; baseline -0.005 -15"><span class='ocrx_word' id='word_1_66' title='bbox 368 1283 421 1338; x_wconf 91' lang='lat' dir='ltr'><strong>Hic</strong></span> <span class='ocrx_word' id='word_1_67' title='bbox 439 1299 489 1351; x_wconf 88' lang='lat' dir='ltr'><strong>ego</strong></span> <span class='ocrx_word' id='word_1_68' title='bbox 508 1285 694 1352; x_wconf 86' lang='lat' dir='ltr'><strong>pastoremque</strong></span> <span class='ocrx_word' id='word_1_69' title='bbox 717 1299 805 1336; x_wconf 91' lang='lat' dir='ltr'><strong>meum</strong></span> <span class='ocrx_word' id='word_1_70' title='bbox 824 1283 940 1336; x_wconf 92' lang='lat' dir='ltr'><strong>lustrare</strong></span> <span class='ocrx_word' id='word_1_71' title='bbox 959 1283 1105 1352; x_wconf 86' lang='lat' dir='ltr'><strong>quotannis</strong></span> <span class='ocrx_word' id='word_1_72' title='bbox 1111 1304 1118 1347; x_wconf 88' lang='lat'>;</span> <span class='ocrx_word' id='word_1_73' title='bbox 1136 1283 1276 1338; x_wconf 88' lang='lat' dir='ltr'><strong>invenitur</strong></span> <span class='ocrx_word' id='word_1_74' title='bbox 1302 1280 1375 1351; x_wconf 89' lang='lat' dir='ltr'><strong>apud</strong></span> <span class='ocrx_word' id='word_1_75' title='bbox 1393 1279 1432 1334; x_wconf 91' lang='lat' dir='ltr'><strong>Ti-</strong></span> 
     </span>
     <span class='ocr_line' id='line_1_11' title="bbox 262 1370 1432 1437; baseline -0.002 -13"><span class='ocrx_word' id='word_1_76' title='bbox 262 1370 1432 1437; x_wconf 67' lang='grc' dir='ltr'><strong>1111111111,1,35;2,63110,31;ΙΙ,1,35;3,11;5,11;111,6,13;11111·</strong></span> 
     </span>
     <span class='ocr_line' id='line_1_12' title="bbox 261 1459 1432 1533; baseline -0.003 -19"><span class='ocrx_word' id='word_1_77' title='bbox 261 1461 328 1514; x_wconf 89' lang='lat' dir='ltr'><strong>teris</strong></span> <span class='ocrx_word' id='word_1_78' title='bbox 346 1459 467 1514; x_wconf 88' lang='lat' dir='ltr'><strong>versibus</strong></span> <span class='ocrx_word' id='word_1_79' title='bbox 486 1459 603 1529; x_wconf 88' lang='lat' dir='ltr'><strong>quinque</strong></span> <span class='ocrx_word' id='word_1_80' title='bbox 622 1477 671 1515; x_wconf 85' lang='lat' dir='ltr'><strong>vor</strong></span> <span class='ocrx_word' id='word_1_81' title='bbox 689 1465 750 1530; x_wconf 90' lang='lat' dir='ltr'><strong>post</strong></span> <span class='ocrx_word' id='word_1_82' title='bbox 770 1462 887 1531; x_wconf 87' lang='lat' dir='ltr'><strong>primurn</strong></span> <span class='ocrx_word' id='word_1_83' title='bbox 915 1462 1070 1516; x_wconf 82' lang='lat' dir='ltr'><strong>trochaeum</strong></span> <span class='ocrx_word' id='word_1_84' title='bbox 1094 1461 1197 1517; x_wconf 76' lang='lat' dir='ltr'><strong>desinit</strong></span> <span class='ocrx_word' id='word_1_85' title='bbox 1218 1479 1307 1533; x_wconf 89' lang='lat' dir='ltr'><strong>neque</strong></span> <span class='ocrx_word' id='word_1_86' title='bbox 1330 1473 1432 1516; x_wconf 87' lang='lat' dir='ltr'><strong>caesura</strong></span> 
     </span>
     <span class='ocr_line' id='line_1_13' title="bbox 260 1547 1079 1620; baseline 0.005 -19"><span class='ocrx_word' id='word_1_87' title='bbox 260 1547 467 1602; x_wconf 85' lang='lat' dir='ltr'><strong>trithemimeris</strong></span> <span class='ocrx_word' id='word_1_88' title='bbox 485 1547 595 1616; x_wconf 85' lang='lat' dir='ltr'><strong>legitur.</strong></span> <span class='ocrx_word' id='word_1_89' title='bbox 614 1548 666 1603; x_wconf 85' lang='lat' dir='ltr'><strong>Sed</strong></span> <span class='ocrx_word' id='word_1_90' title='bbox 682 1550 758 1619; x_wconf 89' lang='lat' dir='ltr'><strong>peius</strong></span> <span class='ocrx_word' id='word_1_91' title='bbox 776 1550 933 1620; x_wconf 74' lang='lat' dir='ltr'><strong>Propertius</strong></span> <span class='ocrx_word' id='word_1_92' title='bbox 954 1551 1079 1620; x_wconf 84' lang='lat' dir='ltr'><strong>scripsit:</strong></span> 
     </span>
    </p>

    <p class='ocr_par' dir='ltr' id='par_1_5' title="bbox 368 1636 1332 1706">
     <span class='ocr_line' id='line_1_14' title="bbox 368 1636 1332 1706; baseline 0.006 -16"><span class='ocrx_word' id='word_1_93' title='bbox 368 1636 423 1690; x_wconf 89' lang='lat' dir='ltr'><strong>Nec</strong></span> <span class='ocrx_word' id='word_1_94' title='bbox 441 1651 495 1691; x_wconf 91' lang='lat' dir='ltr'><strong>non</strong></span> <span class='ocrx_word' id='word_1_95' title='bbox 513 1637 661 1691; x_wconf 85' lang='lat' dir='ltr'><strong>exanimem</strong></span> <span class='ocrx_word' id='word_1_96' title='bbox 683 1638 847 1706; x_wconf 88' lang='lat' dir='ltr'><strong>amplectens</strong></span> <span class='ocrx_word' id='word_1_97' title='bbox 865 1638 968 1692; x_wconf 89' lang='lat' dir='ltr'><strong>Briseis</strong></span> <span class='ocrx_word' id='word_1_98' title='bbox 986 1637 1128 1694; x_wconf 80' lang='lat' dir='ltr'><strong>Achillem.</strong></span> <span class='ocrx_word' id='word_1_99' title='bbox 1182 1640 1220 1706; x_wconf 88' lang='lat' dir='ltr'><strong>H,</strong></span> <span class='ocrx_word' id='word_1_100' title='bbox 1241 1643 1266 1705; x_wconf 85' lang='lat'><strong>9,</strong></span> <span class='ocrx_word' id='word_1_101' title='bbox 1305 1642 1332 1696; x_wconf 91' lang='grc'><strong>9.</strong></span> 
     </span>
    </p>

    <p class='ocr_par' dir='ltr' id='par_1_6' title="bbox 368 1726 1330 1796">
     <span class='ocr_line' id='line_1_15' title="bbox 368 1726 1330 1796; baseline 0.003 -17"><span class='ocrx_word' id='word_1_102' title='bbox 368 1726 421 1780; x_wconf 87' lang='lat' dir='ltr'><strong>Illa</strong></span> <span class='ocrx_word' id='word_1_103' title='bbox 439 1726 588 1795; x_wconf 82' lang='lat' dir='ltr'><strong>puellarum</strong></span> <span class='ocrx_word' id='word_1_104' title='bbox 606 1727 738 1795; x_wconf 88' lang='lat' dir='ltr'><strong>ingenuos</strong></span> <span class='ocrx_word' id='word_1_105' title='bbox 756 1727 875 1796; x_wconf 89' lang='lat' dir='ltr'><strong>corrupit</strong></span> <span class='ocrx_word' id='word_1_106' title='bbox 893 1727 998 1782; x_wconf 89' lang='lat' dir='ltr'><strong>ocellos.</strong></span> <span class='ocrx_word' id='word_1_107' title='bbox 1182 1729 1220 1794; x_wconf 88' lang='lat' dir='ltr'><strong>H,</strong></span> <span class='ocrx_word' id='word_1_108' title='bbox 1240 1731 1267 1794; x_wconf 88' lang='grc'><strong>6,</strong></span> <span class='ocrx_word' id='word_1_109' title='bbox 1285 1729 1330 1782; x_wconf 79' lang='grc'><strong>29.</strong></span> 
     </span>
    </p>

    <p class='ocr_par' dir='ltr' id='par_1_7' title="bbox 368 1814 1330 1882">
     <span class='ocr_line' id='line_1_16' title="bbox 368 1814 1330 1882; baseline 0.001 -14"><span class='ocrx_word' id='word_1_110' title='bbox 368 1814 424 1869; x_wconf 89' lang='lat' dir='ltr'><strong>Nec</strong></span> <span class='ocrx_word' id='word_1_111' title='bbox 442 1816 480 1869; x_wconf 91' lang='lat' dir='ltr'><strong>sic</strong></span> <span class='ocrx_word' id='word_1_112' title='bbox 499 1831 586 1869; x_wconf 87' lang='lat' dir='ltr'><strong>errore</strong></span> <span class='ocrx_word' id='word_1_113' title='bbox 605 1819 697 1870; x_wconf 85' lang='lat' dir='ltr'><strong>exacto</strong></span> <span class='ocrx_word' id='word_1_114' title='bbox 716 1816 835 1870; x_wconf 87' lang='lat' dir='ltr'><strong>laetatus</strong></span> <span class='ocrx_word' id='word_1_115' title='bbox 855 1816 956 1872; x_wconf 82' lang='lat' dir='ltr'><strong>Ulixes.</strong></span> <span class='ocrx_word' id='word_1_116' title='bbox 1169 1817 1221 1882; x_wconf 89' lang='lat'>111,</span> <span class='ocrx_word' id='word_1_117' title='bbox 1241 1819 1266 1882; x_wconf 86' lang='grc'><strong>6,</strong></span> <span class='ocrx_word' id='word_1_118' title='bbox 1304 1819 1330 1870; x_wconf 89' lang='lat'><strong>3.</strong></span> 
     </span>
    </p>

    <p class='ocr_par' dir='ltr' id='par_1_8' title="bbox 368 1903 1328 1973">
     <span class='ocr_line' id='line_1_17' title="bbox 368 1903 1328 1973; baseline 0 -15"><span class='ocrx_word' id='word_1_119' title='bbox 368 1903 398 1958; x_wconf 86' lang='lat' dir='ltr'><strong>Si</strong></span> <span class='ocrx_word' id='word_1_120' title='bbox 417 1907 444 1958; x_wconf 91' lang='lat' dir='ltr'><strong>te</strong></span> <span class='ocrx_word' id='word_1_121' title='bbox 463 1904 519 1957; x_wconf 84' lang='lat' dir='ltr'><strong>an</strong></span> <span class='ocrx_word' id='word_1_122' title='bbox 537 1904 719 1958; x_wconf 74' lang='lat' dir='ltr'><strong>Dorozantum</strong></span> <span class='ocrx_word' id='word_1_123' title='bbox 737 1905 816 1958; x_wconf 90' lang='lat' dir='ltr'><strong>iuvat</strong></span> <span class='ocrx_word' id='word_1_124' title='bbox 834 1921 915 1960; x_wconf 91' lang='lat' dir='ltr'><strong>aurea</strong></span> <span class='ocrx_word' id='word_1_125' title='bbox 933 1905 999 1973; x_wconf 88' lang='lat' dir='ltr'><strong>ripa.</strong></span> <span class='ocrx_word' id='word_1_126' title='bbox 1169 1906 1201 1970; x_wconf 89' lang='lat' dir='ltr'><strong>V,</strong></span> <span class='ocrx_word' id='word_1_127' title='bbox 1221 1906 1247 1970; x_wconf 83' lang='lat'><strong>5,</strong></span> <span class='ocrx_word' id='word_1_128' title='bbox 1284 1908 1328 1960; x_wconf 81' lang='lat'><strong>21.</strong></span> 
     </span>
    </p>

    <p class='ocr_par' dir='ltr' id='par_1_9' title="bbox 367 1992 1328 2063">
     <span class='ocr_line' id='line_1_18' title="bbox 367 1992 1328 2063; baseline 0.003 -19"><span class='ocrx_word' id='word_1_129' title='bbox 367 1992 412 2045; x_wconf 89' lang='lat' dir='ltr'><strong>Me</strong></span> <span class='ocrx_word' id='word_1_130' title='bbox 430 2008 534 2062; x_wconf 91' lang='lat' dir='ltr'><strong>quoque</strong></span> <span class='ocrx_word' id='word_1_131' title='bbox 552 1992 686 2046; x_wconf 86' lang='lat' dir='ltr'><strong>consimili</strong></span> <span class='ocrx_word' id='word_1_132' title='bbox 705 1993 853 2062; x_wconf 89' lang='lat' dir='ltr'><strong>inpositum</strong></span> <span class='ocrx_word' id='word_1_133' title='bbox 872 1993 1021 2063; x_wconf 87' lang='lat' dir='ltr'><strong>torquerier</strong></span> <span class='ocrx_word' id='word_1_134' title='bbox 1038 1993 1107 2062; x_wconf 85' lang='lat' dir='ltr'><strong>igni.</strong></span> <span class='ocrx_word' id='word_1_135' title='bbox 1171 1995 1219 2058; x_wconf 90' lang='lat' dir='ltr'><strong>IV,</strong></span> <span class='ocrx_word' id='word_1_136' title='bbox 1239 1995 1263 2060; x_wconf 85' lang='lat'><strong>5,</strong></span> <span class='ocrx_word' id='word_1_137' title='bbox 1283 1995 1328 2049; x_wconf 82' lang='lat'><strong>39.</strong></span> 
     </span>
    </p>

    <p class='ocr_par' dir='ltr' id='par_1_10' title="bbox 261 2080 1470 2314">
     <span class='ocr_line' id='line_1_19' title="bbox 367 2080 1429 2151; baseline -0.002 -18"><span class='ocrx_word' id='word_1_138' title='bbox 367 2080 440 2134; x_wconf 88' lang='lat' dir='ltr'><strong>Haec</strong></span> <span class='ocrx_word' id='word_1_139' title='bbox 458 2080 565 2150; x_wconf 89' lang='lat' dir='ltr'><strong>aliaque</strong></span> <span class='ocrx_word' id='word_1_140' title='bbox 583 2081 672 2134; x_wconf 90' lang='lat' dir='ltr'><strong>minus</strong></span> <span class='ocrx_word' id='word_1_141' title='bbox 696 2081 793 2135; x_wconf 86' lang='lat' dir='ltr'><strong>limata</strong></span> <span class='ocrx_word' id='word_1_142' title='bbox 811 2081 883 2151; x_wconf 91' lang='lat' dir='ltr'><strong>apud</strong></span> <span class='ocrx_word' id='word_1_143' title='bbox 902 2081 1040 2136; x_wconf 90' lang='lat' dir='ltr'><strong>Tibullum</strong></span> <span class='ocrx_word' id='word_1_144' title='bbox 1058 2098 1113 2136; x_wconf 92' lang='lat' dir='ltr'><strong>non</strong></span> <span class='ocrx_word' id='word_1_145' title='bbox 1135 2082 1314 2136; x_wconf 89' lang='lat' dir='ltr'><strong>inveniuntur</strong></span> <span class='ocrx_word' id='word_1_146' title='bbox 1319 2103 1327 2146; x_wconf 90' lang='lat'>;</span> <span class='ocrx_word' id='word_1_147' title='bbox 1347 2092 1429 2132; x_wconf 83' lang='lat' dir='ltr'><strong>versos</strong></span> 
     </span>
     <span class='ocr_line' id='line_1_20' title="bbox 261 2166 1429 2241; baseline -0.006 -17"><span class='ocrx_word' id='word_1_148' title='bbox 261 2168 640 2237; x_wconf 78' lang='lat' dir='ltr'><strong>vero1,2‚27dignecum</strong></span> <span class='ocrx_word' id='word_1_149' title='bbox 665 2169 714 2225; x_wconf 94' lang='lat' dir='ltr'><strong>illo</strong></span> <span class='ocrx_word' id='word_1_150' title='bbox 733 2174 909 2240; x_wconf 88' lang='lat' dir='ltr'><strong>comparatur,</strong></span> <span class='ocrx_word' id='word_1_151' title='bbox 939 2187 1017 2241; x_wconf 90' lang='lat' dir='ltr'><strong>quem</strong></span> <span class='ocrx_word' id='word_1_152' title='bbox 1038 2171 1184 2226; x_wconf 89' lang='lat' dir='ltr'><strong>Muellerus</strong></span> <span class='ocrx_word' id='word_1_153' title='bbox 1209 2187 1241 2226; x_wconf 85' lang='lat' dir='ltr'><strong>ar</strong></span> <span class='ocrx_word' id='word_1_154' title='bbox 1269 2169 1349 2226; x_wconf 85' lang='lat' dir='ltr'><strong>lande</strong></span> <span class='ocrx_word' id='word_1_155' title='bbox 1367 2166 1429 2221; x_wconf 89' lang='lat' dir='ltr'><strong>Mes·</strong></span> 
     </span>
     <span class='ocr_line' id='line_1_21' title="bbox 261 2245 1470 2314; baseline -0.005 -1"><span class='ocrx_word' id='word_1_156' title='bbox 261 2257 480 2314; x_wconf 80' lang='lat' dir='ltr'><strong>sullae-adtulit:</strong></span> <span class='ocrx_word' id='word_1_157' title='bbox 1469 2245 1470 2250; x_wconf 52' lang='lat'>&#39;</span> 
     </span>
    </p>

    <p class='ocr_par' dir='ltr' id='par_1_11' title="bbox 367 2346 1470 2417">
     <span class='ocr_line' id='line_1_22' title="bbox 367 2346 1470 2417; baseline 0.002 -16"><span class='ocrx_word' id='word_1_158' title='bbox 367 2347 536 2416; x_wconf 82' lang='lat' dir='ltr'><strong>Erigoneque</strong></span> <span class='ocrx_word' id='word_1_159' title='bbox 554 2346 688 2417; x_wconf 74' lang='lat' dir='ltr'><strong>(lanisque</strong></span> <span class='ocrx_word' id='word_1_160' title='bbox 706 2351 789 2416; x_wconf 87' lang='lat' dir='ltr'><strong>neget</strong></span> <span class='ocrx_word' id='word_1_161' title='bbox 806 2365 840 2402; x_wconf 94' lang='lat' dir='ltr'><strong>ne</strong></span> <span class='ocrx_word' id='word_1_162' title='bbox 857 2348 966 2417; x_wconf 89' lang='lat' dir='ltr'><strong>longior</strong></span> <span class='ocrx_word' id='word_1_163' title='bbox 984 2351 1067 2404; x_wconf 86' lang='lat' dir='ltr'><strong>aetas.</strong></span> <span class='ocrx_word' id='word_1_164' title='bbox 1283 2351 1325 2403; x_wconf 93' lang='grc'><strong>11.</strong></span> <span class='ocrx_word' id='word_1_165' title='bbox 1469 2407 1470 2410; x_wconf 49' lang='lat'><strong>,</strong></span> 
     </span>
    </p>

    <p class='ocr_par' dir='ltr' id='par_1_12' title="bbox 260 2435 1470 2685">
     <span class='ocr_line' id='line_1_23' title="bbox 366 2435 1470 2528; baseline -0.006 -39"><span class='ocrx_word' id='word_1_166' title='bbox 366 2437 489 2506; x_wconf 90' lang='lat' dir='ltr'><strong>Denique</strong></span> <span class='ocrx_word' id='word_1_167' title='bbox 507 2439 539 2489; x_wconf 92' lang='lat' dir='ltr'><strong>ut</strong></span> <span class='ocrx_word' id='word_1_168' title='bbox 557 2436 607 2490; x_wconf 94' lang='lat' dir='ltr'><strong>hoc</strong></span> <span class='ocrx_word' id='word_1_169' title='bbox 624 2436 790 2502; x_wconf 88' lang='lat' dir='ltr'><strong>adnotemus,</strong></span> <span class='ocrx_word' id='word_1_170' title='bbox 812 2438 953 2492; x_wconf 88' lang='lat' dir='ltr'><strong>omittitur</strong></span> <span class='ocrx_word' id='word_1_171' title='bbox 970 2438 1066 2492; x_wconf 91' lang='lat' dir='ltr'><strong>incisio</strong></span> <span class='ocrx_word' id='word_1_172' title='bbox 1079 2440 1140 2507; x_wconf 90' lang='lat' dir='ltr'><strong>post</strong></span> <span class='ocrx_word' id='word_1_173' title='bbox 1152 2436 1266 2492; x_wconf 88' lang='lat' dir='ltr'><strong>tertium</strong></span> <span class='ocrx_word' id='word_1_174' title='bbox 1279 2435 1428 2490; x_wconf 80' lang='lat' dir='ltr'><strong>trochaeum</strong></span> <span class='ocrx_word' id='word_1_175' title='bbox 1469 2487 1470 2528; x_wconf 28' lang='grc'>1</span> 
     </span>
     <span class='ocr_line' id='line_1_24' title="bbox 261 2523 1470 2595; baseline -0.002 -15"><span class='ocrx_word' id='word_1_176' title='bbox 261 2524 347 2580; x_wconf 90' lang='lat' dir='ltr'><strong>decies</strong></span> <span class='ocrx_word' id='word_1_177' title='bbox 365 2525 436 2594; x_wconf 88' lang='lat' dir='ltr'><strong>apud</strong></span> <span class='ocrx_word' id='word_1_178' title='bbox 455 2525 601 2589; x_wconf 88' lang='lat' dir='ltr'><strong>Tibullum,</strong></span> <span class='ocrx_word' id='word_1_179' title='bbox 629 2526 712 2580; x_wconf 90' lang='lat' dir='ltr'><strong>octies</strong></span> <span class='ocrx_word' id='word_1_180' title='bbox 740 2525 811 2595; x_wconf 90' lang='lat' dir='ltr'><strong>apud</strong></span> <span class='ocrx_word' id='word_1_181' title='bbox 838 2526 1006 2580; x_wconf 85' lang='lat' dir='ltr'><strong>laudatorem</strong></span> <span class='ocrx_word' id='word_1_182' title='bbox 1033 2525 1183 2590; x_wconf 86' lang='lat' dir='ltr'><strong>Messallae,</strong></span> <span class='ocrx_word' id='word_1_183' title='bbox 1212 2526 1294 2580; x_wconf 90' lang='lat' dir='ltr'><strong>semel</strong></span> <span class='ocrx_word' id='word_1_184' title='bbox 1322 2523 1426 2579; x_wconf 76' lang='lat' dir='ltr'><strong>aucun</strong></span> <span class='ocrx_word' id='word_1_185' title='bbox 1469 2545 1470 2588; x_wconf 57' lang='lat' dir='ltr'><strong><em>g</em></strong></span> 
     </span>
     <span class='ocr_line' id='line_1_25' title="bbox 260 2613 1166 2685; baseline -0.002 -15"><span class='ocrx_word' id='word_1_186' title='bbox 260 2615 298 2685; x_wconf 82' lang='lat'><strong>(1,</strong></span> <span class='ocrx_word' id='word_1_187' title='bbox 317 2615 361 2684; x_wconf 81' lang='grc'><strong>11)</strong></span> <span class='ocrx_word' id='word_1_188' title='bbox 380 2613 451 2683; x_wconf 90' lang='lat' dir='ltr'><strong>apud</strong></span> <span class='ocrx_word' id='word_1_189' title='bbox 469 2613 646 2683; x_wconf 84' lang='lat' dir='ltr'><strong>Lygdamum.</strong></span> <span class='ocrx_word' id='word_1_190' title='bbox 683 2613 736 2669; x_wconf 82' lang='lat' dir='ltr'><strong>Sed</strong></span> <span class='ocrx_word' id='word_1_191' title='bbox 754 2615 787 2669; x_wconf 91' lang='lat' dir='ltr'><strong>de</strong></span> <span class='ocrx_word' id='word_1_192' title='bbox 805 2615 848 2670; x_wconf 89' lang='lat' dir='ltr'><strong>his</strong></span> <span class='ocrx_word' id='word_1_193' title='bbox 866 2615 922 2669; x_wconf 87' lang='lat' dir='ltr'><strong>iam</strong></span> <span class='ocrx_word' id='word_1_194' title='bbox 941 2616 1009 2669; x_wconf 87' lang='lat' dir='ltr'><strong>satis</strong></span> <span class='ocrx_word' id='word_1_195' title='bbox 1028 2615 1166 2669; x_wconf 85' lang='lat' dir='ltr'><strong>dictumst.</strong></span> 
     </span>
    </p>

    <p class='ocr_par' dir='ltr' id='par_1_13' title="bbox 362 2703 1037 2774">
     <span class='ocr_line' id='line_1_26' title="bbox 362 2703 1037 2774; baseline 0 -16"><span class='ocrx_word' id='word_1_196' title='bbox 362 2705 392 2774; x_wconf 22' lang='lat'><strong>¹3.</strong></span> <span class='ocrx_word' id='word_1_197' title='bbox 429 2703 523 2758; x_wconf 86' lang='lat' dir='ltr'><strong>Tertia</strong></span> <span class='ocrx_word' id='word_1_198' title='bbox 541 2703 626 2758; x_wconf 86' lang='lat' dir='ltr'><strong>forma</strong></span> <span class='ocrx_word' id='word_1_199' title='bbox 644 2720 767 2758; x_wconf 89' lang='lat' dir='ltr'><strong>caesurae</strong></span> <span class='ocrx_word' id='word_1_200' title='bbox 786 2704 1037 2773; x_wconf 85' lang='lat' dir='ltr'><strong>semiseptenariae:</strong></span> 
     </span>
    </p>

    <p class='ocr_par' dir='ltr' id='par_1_14' title="bbox 366 2793 1068 2863">
     <span class='ocr_line' id='line_1_27' title="bbox 366 2793 1068 2863; baseline 0 -16"><span class='ocrx_word' id='word_1_201' title='bbox 366 2793 461 2847; x_wconf 90' lang='lat' dir='ltr'><strong>Hostis</strong></span> <span class='ocrx_word' id='word_1_202' title='bbox 479 2793 564 2863; x_wconf 90' lang='lat' dir='ltr'><strong>siquis</strong></span> <span class='ocrx_word' id='word_1_203' title='bbox 582 2793 636 2848; x_wconf 88' lang='lat' dir='ltr'><strong>erit</strong></span> <span class='ocrx_word' id='word_1_204' title='bbox 655 2793 739 2857; x_wconf 89' lang='lat' dir='ltr'><strong>uobis,</strong></span> <span class='ocrx_word' id='word_1_205' title='bbox 758 2794 781 2860; x_wconf 81' lang='lat' dir='ltr'><strong>ll</strong></span> <span class='ocrx_word' id='word_1_206' title='bbox 798 2797 871 2848; x_wconf 90' lang='lat' dir='ltr'><strong>amet</strong></span> <span class='ocrx_word' id='word_1_207' title='bbox 889 2794 937 2847; x_wconf 92' lang='lat' dir='ltr'><strong>ille</strong></span> <span class='ocrx_word' id='word_1_208' title='bbox 956 2794 1068 2863; x_wconf 88' lang='lat' dir='ltr'><strong>puellas.</strong></span> 
     </span>
    </p>

    <p class='ocr_par' dir='ltr' id='par_1_15' title="bbox 259 2881 1427 3130">
     <span class='ocr_line' id='line_1_28' title="bbox 366 2881 1133 2952; baseline 0 -16"><span class='ocrx_word' id='word_1_209' title='bbox 366 2881 447 2936; x_wconf 85' lang='lat' dir='ltr'><strong>Tarte</strong></span> <span class='ocrx_word' id='word_1_210' title='bbox 465 2899 511 2951; x_wconf 86' lang='lat' dir='ltr'><strong>per</strong></span> <span class='ocrx_word' id='word_1_211' title='bbox 529 2886 661 2936; x_wconf 84' lang='lat' dir='ltr'><strong>extremas</strong></span> <span class='ocrx_word' id='word_1_212' title='bbox 680 2885 775 2950; x_wconf 82' lang='lat' dir='ltr'><strong>gentes</strong></span> <span class='ocrx_word' id='word_1_213' title='bbox 793 2883 815 2950; x_wconf 69' lang='lat' dir='ltr'><strong>ll</strong></span> <span class='ocrx_word' id='word_1_214' title='bbox 833 2886 862 2936; x_wconf 92' lang='lat' dir='ltr'><strong>ct</strong></span> <span class='ocrx_word' id='word_1_215' title='bbox 880 2882 949 2937; x_wconf 87' lang='lat' dir='ltr'><strong>forto</strong></span> <span class='ocrx_word' id='word_1_216' title='bbox 967 2899 1015 2952; x_wconf 91' lang='lat' dir='ltr'><strong>per</strong></span> <span class='ocrx_word' id='word_1_217' title='bbox 1033 2881 1133 2947; x_wconf 88' lang='lat' dir='ltr'><strong>undas;</strong></span> 
     </span>
     <span class='ocr_line' id='line_1_29' title="bbox 259 2963 1427 3042; baseline -0.001 -17"><span class='ocrx_word' id='word_1_218' title='bbox 259 2970 399 3025; x_wconf 89' lang='lat' dir='ltr'><strong>invenitur</strong></span> <span class='ocrx_word' id='word_1_219' title='bbox 408 2971 478 3041; x_wconf 91' lang='lat' dir='ltr'><strong>apud</strong></span> <span class='ocrx_word' id='word_1_220' title='bbox 491 2971 660 3040; x_wconf 84' lang='lat' dir='ltr'><strong>Propertium</strong></span> <span class='ocrx_word' id='word_1_221' title='bbox 673 2971 793 3040; x_wconf 89' lang='lat' dir='ltr'><strong>octogies</strong></span> <span class='ocrx_word' id='word_1_222' title='bbox 807 2975 910 3042; x_wconf 86' lang='lat' dir='ltr'><strong>quater,</strong></span> <span class='ocrx_word' id='word_1_223' title='bbox 921 2972 991 3040; x_wconf 92' lang='lat' dir='ltr'><strong>apud</strong></span> <span class='ocrx_word' id='word_1_224' title='bbox 1004 2971 1143 3026; x_wconf 84' lang='lat' dir='ltr'><strong>Tibullum</strong></span> <span class='ocrx_word' id='word_1_225' title='bbox 1152 2971 1275 3040; x_wconf 87' lang='lat' dir='ltr'><strong>sexagies</strong></span> <span class='ocrx_word' id='word_1_226' title='bbox 1285 2963 1427 3041; x_wconf 77' lang='lat' dir='ltr'><strong>quinquies·</strong></span> 
     </span>
     <span class='ocr_line' id='line_1_30' title="bbox 260 3059 1114 3130; baseline 0 -17"><span class='ocrx_word' id='word_1_227' title='bbox 260 3059 403 3130; x_wconf 90' lang='lat' dir='ltr'><strong>quinquies</strong></span> <span class='ocrx_word' id='word_1_228' title='bbox 423 3059 491 3128; x_wconf 90' lang='lat' dir='ltr'><strong>apud</strong></span> <span class='ocrx_word' id='word_1_229' title='bbox 512 3059 687 3128; x_wconf 84' lang='lat' dir='ltr'><strong>Lygdamum,</strong></span> <span class='ocrx_word' id='word_1_230' title='bbox 706 3059 799 3114; x_wconf 88' lang='lat' dir='ltr'><strong>novies</strong></span> <span class='ocrx_word' id='word_1_231' title='bbox 816 3060 846 3114; x_wconf 94' lang='lat' dir='ltr'><strong>in</strong></span> <span class='ocrx_word' id='word_1_232' title='bbox 864 3059 943 3114; x_wconf 87' lang='lat' dir='ltr'><strong>laude</strong></span> <span class='ocrx_word' id='word_1_233' title='bbox 964 3060 1114 3114; x_wconf 85' lang='lat' dir='ltr'><strong>Messallae.</strong></span> 
     </span>
    </p>

    <p class='ocr_par' dir='ltr' id='par_1_16' title="bbox 367 3148 715 3218">
     <span class='ocr_line' id='line_1_31' title="bbox 367 3148 715 3218; baseline -0.006 -14"><span class='ocrx_word' id='word_1_234' title='bbox 367 3150 393 3204; x_wconf 88' lang='grc'><strong>4.</strong></span> <span class='ocrx_word' id='word_1_235' title='bbox 430 3148 540 3202; x_wconf 82' lang='lat' dir='ltr'><strong>Formas</strong></span> <span class='ocrx_word' id='word_1_236' title='bbox 559 3151 715 3218; x_wconf 89' lang='lat' dir='ltr'><strong>sequentes:</strong></span> 
     </span>
    </p>

    <p class='ocr_par' dir='ltr' id='par_1_17' title="bbox 367 3237 1156 3308">
     <span class='ocr_line' id='line_1_32' title="bbox 367 3237 1156 3308; baseline 0 -16"><span class='ocrx_word' id='word_1_237' title='bbox 367 3238 420 3292; x_wconf 89' lang='lat' dir='ltr'><strong>Illa</strong></span> <span class='ocrx_word' id='word_1_238' title='bbox 439 3237 514 3292; x_wconf 86' lang='lat' dir='ltr'><strong>favet</strong></span> <span class='ocrx_word' id='word_1_239' title='bbox 533 3255 579 3292; x_wconf 91' lang='lat' dir='ltr'><strong>scu</strong></span> <span class='ocrx_word' id='word_1_240' title='bbox 598 3238 644 3308; x_wconf 93' lang='lat' dir='ltr'><strong>qui</strong></span> <span class='ocrx_word' id='word_1_241' title='bbox 662 3237 769 3292; x_wconf 88' lang='lat' dir='ltr'><strong>iuvenis</strong></span> <span class='ocrx_word' id='word_1_242' title='bbox 786 3238 808 3305; x_wconf 73' lang='lat' dir='ltr'><strong>ll</strong></span> <span class='ocrx_word' id='word_1_243' title='bbox 825 3254 895 3292; x_wconf 88' lang='lat' dir='ltr'><strong>nova</strong></span> <span class='ocrx_word' id='word_1_244' title='bbox 914 3237 1010 3292; x_wconf 90' lang='lat' dir='ltr'><strong>limina</strong></span> <span class='ocrx_word' id='word_1_245' title='bbox 1028 3239 1156 3306; x_wconf 87' lang='lat' dir='ltr'><strong>temptat.</strong></span> 
     </span>
    </p>

    <p class='ocr_par' dir='ltr' id='par_1_18' title="bbox 258 3326 1427 3577">
     <span class='ocr_line' id='line_1_33' title="bbox 366 3326 1095 3396; baseline 0 -14"><span class='ocrx_word' id='word_1_246' title='bbox 366 3328 407 3384; x_wconf 90' lang='lat' dir='ltr'><strong>Tu</strong></span> <span class='ocrx_word' id='word_1_247' title='bbox 425 3328 491 3382; x_wconf 88' lang='lat' dir='ltr'><strong>licet</strong></span> <span class='ocrx_word' id='word_1_248' title='bbox 509 3326 644 3396; x_wconf 80' lang='lat' dir='ltr'><strong>Antiopae</strong></span> <span class='ocrx_word' id='word_1_249' title='bbox 662 3327 775 3381; x_wconf 87' lang='lat' dir='ltr'><strong>formam</strong></span> <span class='ocrx_word' id='word_1_250' title='bbox 792 3328 814 3395; x_wconf 72' lang='lat' dir='ltr'><strong>ll</strong></span> <span class='ocrx_word' id='word_1_251' title='bbox 832 3326 979 3396; x_wconf 83' lang='lat' dir='ltr'><strong>Nycteidos</strong></span> <span class='ocrx_word' id='word_1_252' title='bbox 998 3331 1027 3382; x_wconf 89' lang='lat' dir='ltr'><strong>et</strong></span> <span class='ocrx_word' id='word_1_253' title='bbox 1045 3331 1077 3382; x_wconf 89' lang='lat' dir='ltr'><strong>tu</strong></span> <span class='ocrx_word' id='word_1_254' title='bbox 1087 3347 1095 3391; x_wconf 86' lang='lat'>;</span> 
     </span>
     <span class='ocr_line' id='line_1_34' title="bbox 258 3407 1427 3486; baseline -0.007 -14"><span class='ocrx_word' id='word_1_255' title='bbox 258 3417 409 3472; x_wconf 82' lang='lat' dir='ltr'><strong>invenimus</strong></span> <span class='ocrx_word' id='word_1_256' title='bbox 428 3416 498 3486; x_wconf 92' lang='lat' dir='ltr'><strong>apud</strong></span> <span class='ocrx_word' id='word_1_257' title='bbox 516 3417 684 3486; x_wconf 90' lang='lat' dir='ltr'><strong>Propertium</strong></span> <span class='ocrx_word' id='word_1_258' title='bbox 703 3416 804 3480; x_wconf 88' lang='lat' dir='ltr'><strong>tricies,</strong></span> <span class='ocrx_word' id='word_1_259' title='bbox 833 3416 915 3470; x_wconf 84' lang='lat' dir='ltr'><strong>vicies</strong></span> <span class='ocrx_word' id='word_1_260' title='bbox 940 3416 1040 3486; x_wconf 88' lang='lat' dir='ltr'><strong>septies</strong></span> <span class='ocrx_word' id='word_1_261' title='bbox 1067 3413 1138 3484; x_wconf 91' lang='lat' dir='ltr'><strong>apud</strong></span> <span class='ocrx_word' id='word_1_262' title='bbox 1167 3413 1313 3480; x_wconf 88' lang='lat' dir='ltr'><strong>Tibullum,</strong></span> <span class='ocrx_word' id='word_1_263' title='bbox 1342 3407 1427 3468; x_wconf 70' lang='lat' dir='ltr'><strong>novies</strong></span> 
     </span>
     <span class='ocr_line' id='line_1_35' title="bbox 259 3505 949 3577; baseline 0 -17"><span class='ocrx_word' id='word_1_264' title='bbox 259 3505 330 3574; x_wconf 92' lang='lat' dir='ltr'><strong>apud</strong></span> <span class='ocrx_word' id='word_1_265' title='bbox 347 3505 525 3577; x_wconf 88' lang='lat' dir='ltr'><strong>Lygdamum,</strong></span> <span class='ocrx_word' id='word_1_266' title='bbox 543 3505 572 3561; x_wconf 90' lang='lat' dir='ltr'><strong>in</strong></span> <span class='ocrx_word' id='word_1_267' title='bbox 591 3505 670 3559; x_wconf 89' lang='lat' dir='ltr'><strong>laude</strong></span> <span class='ocrx_word' id='word_1_268' title='bbox 685 3505 826 3560; x_wconf 84' lang='lat' dir='ltr'><strong>Messallae</strong></span> <span class='ocrx_word' id='word_1_269' title='bbox 845 3509 949 3575; x_wconf 89' lang='lat' dir='ltr'><strong>quater.</strong></span> 
     </span>
    </p>

    <p class='ocr_par' dir='ltr' id='par_1_19' title="bbox 366 3593 887 3650">
     <span class='ocr_line' id='line_1_36' title="bbox 366 3593 887 3650; baseline -0.004 0"><span class='ocrx_word' id='word_1_270' title='bbox 366 3597 390 3650; x_wconf 82' lang='lat'><strong>5.</strong></span> <span class='ocrx_word' id='word_1_271' title='bbox 427 3597 580 3650; x_wconf 83' lang='lat' dir='ltr'><strong>Remanent</strong></span> <span class='ocrx_word' id='word_1_272' title='bbox 598 3593 698 3648; x_wconf 81' lang='lat' dir='ltr'><strong>formae</strong></span> <span class='ocrx_word' id='word_1_273' title='bbox 717 3594 887 3649; x_wconf 86' lang='lat' dir='ltr'><strong>subtiliores:</strong></span> 
     </span>
    </p>

    <p class='ocr_par' dir='ltr' id='par_1_20' title="bbox 365 3683 1120 3753">
     <span class='ocr_line' id='line_1_37' title="bbox 365 3683 1120 3753; baseline 0 -15"><span class='ocrx_word' id='word_1_274' title='bbox 365 3683 409 3739; x_wconf 89' lang='lat' dir='ltr'><strong>Ma</strong></span> <span class='ocrx_word' id='word_1_275' title='bbox 427 3685 503 3753; x_wconf 88' lang='lat' dir='ltr'><strong>legat</strong></span> <span class='ocrx_word' id='word_1_276' title='bbox 521 3683 631 3740; x_wconf 90' lang='lat' dir='ltr'><strong>adsidue</strong></span> <span class='ocrx_word' id='word_1_277' title='bbox 650 3683 795 3752; x_wconf 89' lang='lat' dir='ltr'><strong>posthaec</strong></span> <span class='ocrx_word' id='word_1_278' title='bbox 812 3689 833 3753; x_wconf 72' lang='lat' dir='ltr'><strong>ss</strong></span> <span class='ocrx_word' id='word_1_279' title='bbox 850 3684 990 3753; x_wconf 87' lang='lat' dir='ltr'><strong>neglectus</strong></span> <span class='ocrx_word' id='word_1_280' title='bbox 1008 3685 1120 3738; x_wconf 89' lang='lat' dir='ltr'><strong>amator.</strong></span> 
     </span>
    </p>

    <p class='ocr_par' dir='ltr' id='par_1_21' title="bbox 364 3771 1132 3840">
     <span class='ocr_line' id='line_1_38' title="bbox 364 3771 1132 3840; baseline -0.001 -13"><span class='ocrx_word' id='word_1_281' title='bbox 364 3774 420 3828; x_wconf 88' lang='lat' dir='ltr'><strong>Nec</strong></span> <span class='ocrx_word' id='word_1_282' title='bbox 438 3776 530 3827; x_wconf 86' lang='lat' dir='ltr'><strong>tamen</strong></span> <span class='ocrx_word' id='word_1_283' title='bbox 549 3771 686 3827; x_wconf 91' lang='lat' dir='ltr'><strong>interdum</strong></span> <span class='ocrx_word' id='word_1_284' title='bbox 705 3771 806 3840; x_wconf 88' lang='lat' dir='ltr'><strong>pudeat</strong></span> <span class='ocrx_word' id='word_1_285' title='bbox 823 3774 845 3840; x_wconf 78' lang='lat' dir='ltr'><strong>ll</strong></span> <span class='ocrx_word' id='word_1_286' title='bbox 863 3773 981 3828; x_wconf 87' lang='lat' dir='ltr'><strong>tenuisse</strong></span> <span class='ocrx_word' id='word_1_287' title='bbox 1000 3772 1132 3827; x_wconf 89' lang='lat' dir='ltr'><strong>bidentes.</strong></span> 
     </span>
    </p>

    <p class='ocr_par' dir='ltr' id='par_1_22' title="bbox 364 3861 1069 3928">
     <span class='ocr_line' id='line_1_39' title="bbox 364 3861 1069 3928; baseline -0.006 -10"><span class='ocrx_word' id='word_1_288' title='bbox 364 3863 505 3918; x_wconf 81' lang='lat' dir='ltr'><strong>Inveniam</strong></span> <span class='ocrx_word' id='word_1_289' title='bbox 524 3865 616 3916; x_wconf 90' lang='lat' dir='ltr'><strong>tamen</strong></span> <span class='ocrx_word' id='word_1_290' title='bbox 635 3878 649 3915; x_wconf 90' lang='lat' dir='ltr'><strong>e</strong></span> <span class='ocrx_word' id='word_1_291' title='bbox 667 3861 763 3915; x_wconf 89' lang='lat' dir='ltr'><strong>multis</strong></span> <span class='ocrx_word' id='word_1_292' title='bbox 780 3863 802 3928; x_wconf 73' lang='lat' dir='ltr'><strong>ll</strong></span> <span class='ocrx_word' id='word_1_293' title='bbox 820 3861 962 3916; x_wconf 88' lang='lat' dir='ltr'><strong>fallacibus</strong></span> <span class='ocrx_word' id='word_1_294' title='bbox 980 3877 1069 3916; x_wconf 89' lang='lat' dir='ltr'><strong>unam.</strong></span> 
     </span>
    </p>

    <p class='ocr_par' dir='ltr' id='par_1_23' title="bbox 255 3949 1470 4288">
     <span class='ocr_line' id='line_1_40' title="bbox 363 3949 1006 4022; baseline -0.005 -16"><span class='ocrx_word' id='word_1_295' title='bbox 363 3951 514 4022; x_wconf 86' lang='lat' dir='ltr'><strong>Unicuique</strong></span> <span class='ocrx_word' id='word_1_296' title='bbox 533 3950 609 4006; x_wconf 89' lang='lat' dir='ltr'><strong>dedit</strong></span> <span class='ocrx_word' id='word_1_297' title='bbox 627 3949 726 4005; x_wconf 86' lang='lat' dir='ltr'><strong>vitium</strong></span> <span class='ocrx_word' id='word_1_298' title='bbox 744 3949 766 4016; x_wconf 75' lang='lat' dir='ltr'><strong>ll</strong></span> <span class='ocrx_word' id='word_1_299' title='bbox 777 3952 881 4004; x_wconf 87' lang='lat' dir='ltr'><strong>-natura</strong></span> <span class='ocrx_word' id='word_1_300' title='bbox 903 3954 1006 4014; x_wconf 86' lang='lat' dir='ltr'><strong>creato;</strong></span> 
     </span>
     <span class='ocr_line' id='line_1_41' title="bbox 257 4031 1470 4112; baseline -0.008 -17"><span class='ocrx_word' id='word_1_301' title='bbox 257 4055 324 4112; x_wconf 89' lang='lat' dir='ltr'><strong>quas</strong></span> <span class='ocrx_word' id='word_1_302' title='bbox 340 4043 447 4109; x_wconf 89' lang='lat' dir='ltr'><strong>praeter</strong></span> <span class='ocrx_word' id='word_1_303' title='bbox 465 4039 606 4094; x_wconf 90' lang='lat' dir='ltr'><strong>secundam</strong></span> <span class='ocrx_word' id='word_1_304' title='bbox 626 4042 654 4093; x_wconf 89' lang='lat' dir='ltr'><strong>ct</strong></span> <span class='ocrx_word' id='word_1_305' title='bbox 672 4039 806 4102; x_wconf 89' lang='lat' dir='ltr'><strong>ultimam,</strong></span> <span class='ocrx_word' id='word_1_306' title='bbox 833 4054 881 4107; x_wconf 89' lang='lat' dir='ltr'><strong>pro</strong></span> <span class='ocrx_word' id='word_1_307' title='bbox 900 4037 997 4107; x_wconf 91' lang='lat' dir='ltr'><strong>quibus</strong></span> <span class='ocrx_word' id='word_1_308' title='bbox 1024 4038 1132 4106; x_wconf 85' lang='lat' dir='ltr'><strong>singula</strong></span> <span class='ocrx_word' id='word_1_309' title='bbox 1163 4038 1284 4107; x_wconf 80' lang='lat' dir='ltr'><strong>exempla</strong></span> <span class='ocrx_word' id='word_1_310' title='bbox 1310 4031 1424 4092; x_wconf 83' lang='lat' dir='ltr'><strong>inveniro</strong></span> <span class='ocrx_word' id='word_1_311' title='bbox 1469 4081 1470 4102; x_wconf 68' lang='grc'><strong>,</strong></span> 
     </span>
     <span class='ocr_line' id='line_1_42' title="bbox 255 4119 1422 4200; baseline -0.003 -16"><span class='ocrx_word' id='word_1_312' title='bbox 255 4143 405 4200; x_wconf 86' lang='lat' dir='ltr'><strong>possumus,</strong></span> <span class='ocrx_word' id='word_1_313' title='bbox 433 4127 588 4197; x_wconf 88' lang='lat' dir='ltr'><strong>Lygdamus</strong></span> <span class='ocrx_word' id='word_1_314' title='bbox 616 4128 727 4193; x_wconf 88' lang='lat' dir='ltr'><strong>vitavit,</strong></span> <span class='ocrx_word' id='word_1_315' title='bbox 756 4127 883 4182; x_wconf 92' lang='lat' dir='ltr'><strong>Tibullus</strong></span> <span class='ocrx_word' id='word_1_316' title='bbox 910 4130 988 4182; x_wconf 87' lang='lat' dir='ltr'><strong>cauta</strong></span> <span class='ocrx_word' id='word_1_317' title='bbox 1025 4127 1121 4196; x_wconf 86' lang='lat' dir='ltr'><strong>(octies</strong></span> <span class='ocrx_word' id='word_1_318' title='bbox 1148 4127 1268 4196; x_wconf 81' lang='lat' dir='ltr'><strong>tantum)</strong></span> <span class='ocrx_word' id='word_1_319' title='bbox 1296 4119 1422 4182; x_wconf 68' lang='lat' dir='ltr'><strong>adhibuit</strong></span> 
     </span>
     <span class='ocr_line' id='line_1_43' title="bbox 257 4216 1470 4288; baseline -0.004 -15"><span class='ocrx_word' id='word_1_320' title='bbox 257 4217 414 4288; x_wconf 82' lang='lat' dir='ltr'><strong>Propertius</strong></span> <span class='ocrx_word' id='word_1_321' title='bbox 435 4217 515 4270; x_wconf 89' lang='lat' dir='ltr'><strong>vicies</strong></span> <span class='ocrx_word' id='word_1_322' title='bbox 534 4219 631 4287; x_wconf 82' lang='lat' dir='ltr'><strong>qnater</strong></span> <span class='ocrx_word' id='word_1_323' title='bbox 650 4217 770 4272; x_wconf 89' lang='lat' dir='ltr'><strong>versibus</strong></span> <span class='ocrx_word' id='word_1_324' title='bbox 791 4216 915 4270; x_wconf 90' lang='lat' dir='ltr'><strong>inseruit.</strong></span> <span class='ocrx_word' id='word_1_325' title='bbox 1469 4271 1470 4282; x_wconf 57' lang='grc'><strong>,</strong></span> 
     </span>
    </p>

    <p class='ocr_par' dir='ltr' id='par_1_24' title="bbox 256 4303 1470 4554">
     <span class='ocr_line' id='line_1_44' title="bbox 363 4303 1421 4376; baseline -0.004 -14"><span class='ocrx_word' id='word_1_326' title='bbox 363 4307 461 4362; x_wconf 88' lang='lat' dir='ltr'><strong>Versus</strong></span> <span class='ocrx_word' id='word_1_327' title='bbox 480 4306 583 4361; x_wconf 93' lang='lat' dir='ltr'><strong>Tibulli</strong></span> <span class='ocrx_word' id='word_1_328' title='bbox 602 4306 635 4376; x_wconf 91' lang='lat' dir='ltr'><strong>(l,</strong></span> <span class='ocrx_word' id='word_1_329' title='bbox 654 4308 679 4372; x_wconf 88' lang='grc'><strong>9,</strong></span> <span class='ocrx_word' id='word_1_330' title='bbox 693 4308 754 4374; x_wconf 66' lang='lat' dir='ltr'><strong>un:</strong></span> <span class='ocrx_word' id='word_1_331' title='bbox 773 4306 847 4360; x_wconf 88' lang='lat' dir='ltr'><strong>Tune</strong></span> <span class='ocrx_word' id='word_1_332' title='bbox 866 4307 946 4374; x_wconf 88' lang='lat' dir='ltr'><strong>putas</strong></span> <span class='ocrx_word' id='word_1_333' title='bbox 964 4305 1041 4360; x_wconf 89' lang='lat' dir='ltr'><strong>illam</strong></span> <span class='ocrx_word' id='word_1_334' title='bbox 1059 4322 1107 4375; x_wconf 90' lang='lat' dir='ltr'><strong>pro</strong></span> <span class='ocrx_word' id='word_1_335' title='bbox 1126 4308 1153 4360; x_wconf 91' lang='lat' dir='ltr'><strong>te</strong></span> <span class='ocrx_word' id='word_1_336' title='bbox 1172 4303 1311 4374; x_wconf 91' lang='lat' dir='ltr'><strong>disponere</strong></span> <span class='ocrx_word' id='word_1_337' title='bbox 1330 4303 1421 4358; x_wconf 74' lang='lat' dir='ltr'><strong>crineal</strong></span> 
     </span>
     <span class='ocr_line' id='line_1_45' title="bbox 256 4394 1420 4467; baseline -0.005 -15"><span class='ocrx_word' id='word_1_338' title='bbox 256 4396 400 4467; x_wconf 83' lang='lat' dir='ltr'><strong>respondet</strong></span> <span class='ocrx_word' id='word_1_339' title='bbox 416 4395 540 4466; x_wconf 90' lang='lat' dir='ltr'><strong>Properti</strong></span> <span class='ocrx_word' id='word_1_340' title='bbox 558 4395 580 4460; x_wconf 96' lang='grc'><strong>1,</strong></span> <span class='ocrx_word' id='word_1_341' title='bbox 599 4397 624 4460; x_wconf 87' lang='grc'><strong>8,</strong></span> <span class='ocrx_word' id='word_1_342' title='bbox 645 4396 692 4460; x_wconf 70' lang='grc'><strong>11,</strong></span> <span class='ocrx_word' id='word_1_343' title='bbox 721 4398 750 4450; x_wconf 86' lang='lat' dir='ltr'><strong>at</strong></span> <span class='ocrx_word' id='word_1_344' title='bbox 769 4394 872 4449; x_wconf 91' lang='lat' dir='ltr'><strong>Tibulli</strong></span> <span class='ocrx_word' id='word_1_345' title='bbox 892 4411 983 4448; x_wconf 90' lang='lat' dir='ltr'><strong>versus</strong></span> <span class='ocrx_word' id='word_1_346' title='bbox 1001 4395 1039 4460; x_wconf 95' lang='lat' dir='ltr'><strong>II,</strong></span> <span class='ocrx_word' id='word_1_347' title='bbox 1058 4395 1084 4460; x_wconf 89' lang='grc'><strong>4,</strong></span> <span class='ocrx_word' id='word_1_348' title='bbox 1104 4397 1151 4450; x_wconf 81' lang='lat'><strong>21:</strong></span> <span class='ocrx_word' id='word_1_349' title='bbox 1177 4394 1288 4449; x_wconf 84' lang='lat' dir='ltr'><strong>Amihi</strong></span> <span class='ocrx_word' id='word_1_350' title='bbox 1306 4411 1352 4464; x_wconf 89' lang='lat' dir='ltr'><strong>per</strong></span> <span class='ocrx_word' id='word_1_351' title='bbox 1369 4403 1420 4446; x_wconf 76' lang='lat' dir='ltr'><strong>cac·</strong></span> 
     </span>
     <span class='ocr_line' id='line_1_46' title="bbox 256 4467 1470 4554; baseline -0.003 -12"><span class='ocrx_word' id='word_1_352' title='bbox 256 4484 316 4542; x_wconf 87' lang='lat' dir='ltr'><strong>dem</strong></span> <span class='ocrx_word' id='word_1_353' title='bbox 334 4489 364 4542; x_wconf 91' lang='lat' dir='ltr'><strong>et</strong></span> <span class='ocrx_word' id='word_1_354' title='bbox 381 4485 485 4540; x_wconf 82' lang='lat' dir='ltr'><strong>facinus</strong></span> <span class='ocrx_word' id='word_1_355' title='bbox 502 4485 524 4554; x_wconf 75' lang='grc' dir='ltr'><em>Ν</em></span> <span class='ocrx_word' id='word_1_356' title='bbox 541 4487 605 4539; x_wconf 89' lang='lat' dir='ltr'><strong>sunt</strong></span> <span class='ocrx_word' id='word_1_357' title='bbox 623 4482 693 4538; x_wconf 92' lang='lat' dir='ltr'><strong>dona</strong></span> <span class='ocrx_word' id='word_1_358' title='bbox 710 4481 830 4552; x_wconf 81' lang='lat' dir='ltr'><strong>paranda</strong></span> <span class='ocrx_word' id='word_1_359' title='bbox 839 4502 848 4545; x_wconf 65' lang='grc' dir='ltr'><strong><em>ς</em></strong></span> <span class='ocrx_word' id='word_1_360' title='bbox 875 4482 1018 4549; x_wconf 89' lang='lat' dir='ltr'><strong>respondet</strong></span> <span class='ocrx_word' id='word_1_361' title='bbox 1035 4483 1168 4552; x_wconf 88' lang='lat' dir='ltr'><strong>Properti</strong></span> <span class='ocrx_word' id='word_1_362' title='bbox 1186 4483 1235 4548; x_wconf 89' lang='lat' dir='ltr'><strong>IV,</strong></span> <span class='ocrx_word' id='word_1_363' title='bbox 1256 4485 1279 4549; x_wconf 91' lang='lat'><strong>1,</strong></span> <span class='ocrx_word' id='word_1_364' title='bbox 1299 4485 1341 4539; x_wconf 88' lang='grc'><strong>61.</strong></span> <span class='ocrx_word' id='word_1_365' title='bbox 1469 4467 1470 4480; x_wconf 54' lang='grc'>’</span> 
     </span>
    </p>
   </div>
   <div class='ocr_carea' id='block_1_3' title="bbox 0 0 1490 5056">
    <p class='ocr_par' dir='ltr' id='par_1_25' title="bbox 0 0 1490 5056">
     <span class='ocr_line' id='line_1_47' title="bbox 0 0 1490 5056; baseline 0 1"><span class='ocrx_word' id='word_1_366' title='bbox 0 0 1490 5056; x_wconf 95' lang='lat' dir='ltr'><strong> </strong></span> 
     </span>
    </p>
   </div>
  </div>
 </body>
</html>
