2970 5056
545 373 766 438 -21-

43 547 187 602 animam
196 549 331 603 extremae

42 639 179 690 tantum
196 637 307 706 ingenio

45 726 176 779 utinam
193 725 323 781 hibernae

45 813 202 868 crudelem
219 814 321 870 infesta

48 901 195 973 quiddam
213 905 243 958 in

46 1008 174 1061 possum
192 992 305 1047 alterins

47 1080 162 1135 fletum
179 1081 277 1136 invitia

48 1185 173 1239 possum
190 1168 301 1224 infamia
372 1235 375 1240 .

51 1258 152 1312 etiam
170 1256 278 1312 absenti

50 1363 155 1402 meum
173 1351 292 1402 extremo

51 1437 166 1490 circum
182 1437 292 1504 inriguo

172 1544 207 1599 In
225 1543 341 1598 secundo
359 1543 443 1599 libro:

491 547 515 614 Ι,
534 547 559 614 6,
578 549 621 604 26.

535 637 559 702 7,
597 637 620 691 7.

495 728 521 792 8,
592 728 618 782 9.

529 816 618 880 8,16.

514 904 617 970 10,14.

452 1038 456 1045 .
514 993 619 1058 10,17.

514 1083 557 1148 15,
574 1083 618 1138 40.

511 1172 554 1237 16,
592 1173 616 1227 9.

513 1259 556 1324 17,
593 1258 618 1314 5.

512 1349 555 1412 17,
574 1348 616 1402 23.

509 1437 553 1500 20,
572 1437 614 1491 37.

262 1651 291 1719 α)
308 1651 344 1705 in
362 1649 451 1705 arai:

470 1757 509 1823 Il,
528 1758 553 1822 1,
572 1758 615 1812 10.

527 1850 552 1911 1,
572 1847 614 1901 18.

529 1937 555 2000 1,
574 1935 617 1990 20.

55 1757 198 1812 Totnme

54 1863 170 1916 possem
187 1845 283 1900 heroas

55 1936 221 2005 impositam
239 1937 272 1990 nt

55 2025 201 2078 Mutinam
219 2026 268 2078 ant
529 2025 553 2089 1,
572 2025 615 2079 27.

56 2129 186 2168 canerem
204 2111 360 2182 Aegyptum
527 2116 551 2178 1,
570 2114 614 2168 31.

172 2201 235 2270 (al.:
253 2217 376 2256 canerem
387 2199 506 2272 Cyptnm
518 2202 562 2258 vel
574 2218 617 2256 ca·

58 2308 127 2348 nene
145 2290 310 2362 inciperem.)

59 2380 221 2450 Aegyptum
239 2383 269 2436 et

61 2485 161 2538 regum
179 2469 283 2524 anmtia

62 2561 155 2614 totam
173 2573 204 2612 ex

62 2645 139 2702 idem
157 2646 211 2700 ille·

64 2752 141 2792 eram
159 2735 189 2789 et

64 2826 198 2896 quantum
215 2822 325 2879 Aetolia

64 2913 196 2969 Helenam
215 2912 281 2967 haec

64 3001 201 3057 dominam
219 2999 338 3071 exemplo

64 3091 144 3146 illam
160 3089 299 3161 Hesperiis

65 3181 165 3235 saltem
182 3181 215 3234 nt

65 3271 151 3325 etiam
168 3267 287 3322 instanti

65 3359 132 3413 olim
149 3359 182 3411 nt

63 3446 213 3517 puellarum
231 3445 364 3514 ingenuos

65 3533 197 3606 qnondam
217 3533 307 3588 edicta

65 3625 150 3679 etiam
168 3622 281 3692 abrepta

65 3715 213 3783 porrectum
233 3713 262 3778 et

65 3801 137 3856 idem
156 3799 312 3854 Haemoniis

66 3890 214 3946 exanimem
232 3889 368 3960 amplexus
527 3889 553 3954 9,
590 3889 615 3942 9.

67 3980 190 4051 qnoniam
204 3979 260 4032 iata
525 3978 551 4042 9,
570 3975 613 4032 37.

170 4083 299 4155 Exempla
316 4100 331 4140 e
348 4083 419 4140 libro
437 4083 535 4140 tertio:

223 4191 251 4260 α)
270 4193 306 4246 in
324 4192 407 4247 arei:

66 4284 192 4350 Campum
209 4280 338 4336 Emathio
453 4280 506 4346 ΠΙ,
526 4282 550 4346 1,
586 4281 613 4335 2.

66 4371 225 4430 Parthorum
242 4373 272 4426 et
524 4370 550 4435 1,
570 4369 611 4425 14.

529 2381 554 2447 1,
572 2381 615 2436 31.

528 2471 554 2536 1,
572 2469 616 2525 33.

529 2559 553 2624 1,
572 2558 615 2614 50.

528 2649 554 2714 1,
573 2647 616 2702 67.

529 2737 555 2800 2,
591 2736 617 2790 1.

528 2825 554 2890 3,
574 2825 616 2880 19.

529 2914 555 2978 3,
573 2913 617 2969 32.

527 3000 615 3066 3,’42.

528 3091 555 3155 3,
572 3089 616 3145 43.

528 3178 555 3242 4,
592 3178 617 3233 1.

527 3266 553 3332 5,
572 3267 615 3322 20.

529 3354 616 3420 6,15.

529 3446 554 3510 6,
573 3445 616 3500 29.

529 3533 554 3598 7,
590 3533 616 3588 2.

528 3623 555 3686 8,
574 3623 616 3676 29.

528 3711 554 3775 8,
572 3711 616 3766 34.

527 3799 552 3865 8,
570 3799 615 3855 38.

692 547 808 619 primum
827 550 917 603 errata
1094 549 1117 614 1,
1154 549 1180 613 9,
1198 549 1241 604 33.

692 637 802 692 heroum
821 635 969 706 intingere
1137 638 1180 702 14,
1199 638 1241 692 17.

690 725 802 781 tandem
819 726 927 780 haurire
1135 727 1178 790 20,
1196 725 1241 780 43.

725 813 755 884 y)
774 815 810 868 in
828 816 937 884 prima
955 815 1067 870 thesin
1085 815 1197 870 brevi:

691 903 809 958 Tantum
828 905 857 958 in
1112 904 1135 968 I,
1154 906 1179 967 1,
1199 903 1241 956 16.

690 993 809 1046 nondum
827 993 911 1048 etiam
1154 993 1180 1057 3,
1199 993 1242 1046 11.

689 1081 802 1136 necdum
821 1083 905 1136 etiam
1154 1083 1179 1146 9,
1198 1082 1241 1136 17.

689 1186 796 1240 possum
818 1187 868 1240 ego
1136 1172 1178 1234 10,
1199 1169 1240 1224 15.

689 1275 797 1328 possum
815 1259 918 1328 aperire
1137 1261 1179 1324 10,
1199 1260 1241 1314 16.

688 1364 796 1418 possum
814 1348 937 1418 Hypanis
1134 1349 1177 1414 12,
1212 1348 1238 1402 4.

687 1436 824 1492 labentem
833 1435 1045 1492 Athamantidos
1134 1438 1178 1502 20,
1197 1437 1240 1491 19.

780 1652 807 1720 ρ)
826 1651 862 1705 in
880 1649 987 1720 longa
1006 1651 1116 1707 thesi:

1095 1759 1133 1824 Π,
1154 1761 1178 1825 1,
1215 1761 1240 1816 9.

1151 1849 1177 1913 3,
1196 1849 1239 1903 31.

1152 1938 1177 2002 3,
1195 1938 1239 1992 43.

686 1756 849 1826 Fulgentem
867 1758 989 1814 incedere

686 1847 825 1902 nobiseum
837 1847 955 1902 hnmana

688 1935 765 1990 illam
784 1935 908 1991 ostendet

688 2023 785 2078 fortem
805 2025 877 2079 idem

686 2113 766 2168 illum
784 2113 961 2184 exspectando

1152 2027 1178 2092 8,
1196 2026 1240 2081 38.

1150 2116 1176 2179 9,
1213 2115 1238 2170 8.

709 2275 739 2342 y)
757 2273 792 2328 in
809 2273 920 2344 prima
938 2273 1050 2328 thenis
1067 2273 1179 2328 brevi:

687 2380 890 2435 verumetiam
1094 2379 1132 2444 II,
1152 2380 1177 2445 5,
1197 2381 1240 2436 20.

687 2469 803 2524 scribam
821 2470 908 2539 igitur
1151 2469 1177 2534 5,
1195 2469 1239 2524 27.

686 2574 793 2628 pensum
811 2575 862 2628 ego
1149 2558 1175 2622 8,
1212 2557 1238 2613 5.

688 2649 803 2702 mortem
821 2663 871 2717 ego
1150 2647 1176 2712 9,
1195 2646 1237 2702 52.

765 4188 792 4259 β)
811 4189 845 4243 in
862 4179 965 4260 longa
983 4190 1090 4246 thani:

684 4277 804 4333 Necdum
822 4278 969 4334 inclinatae
1059 4277 1111 4343 ΙΙΙ,
1149 4279 1173 4343 7,
1192 4279 1236 4333 21.

684 4367 763 4424 illum
781 4366 816 4424 od
1131 4367 1173 4432 10,
1193 4367 1235 4422 11.
