<?xml version="1.0" encoding="UTF-8"?>
<!DOCTYPE html PUBLIC "-//W3C//DTD XHTML 1.0 Transitional//EN"
    "http://www.w3.org/TR/xhtml1/DTD/xhtml1-transitional.dtd">
<html xmlns="http://www.w3.org/1999/xhtml" xml:lang="en" lang="en">
 <head>
  <title>
</title>
<meta http-equiv="Content-Type" content="text/html;charset=utf-8" />
  <meta name='ocr-system' content='tesseract 3.04.00' />
  <meta name='ocr-capabilities' content='ocr_page ocr_carea ocr_par ocr_line ocrx_word'/>
</head>
<body>
  <div class='ocr_page' id='page_1' title='image "./demetricisinter00engbgoog_0052.png"; bbox 0 0 2970 5056; ppageno 0'>
   <div class='ocr_carea' id='block_1_1' title="bbox 533 391 756 457">
    <p class='ocr_par' dir='ltr' id='par_1_1' title="bbox 533 391 756 457">
     <span class='ocr_line' id='line_1_1' title="bbox 533 391 756 457; baseline 0.004 -20"><span class='ocrx_word' id='word_1_1' title='bbox 533 391 756 457; x_wconf 60' lang='lat'><strong>„49-</strong></span> 
     </span>
    </p>
   </div>
   <div class='ocr_carea' id='block_1_2' title="bbox 15 563 1242 4470">
    <p class='ocr_par' dir='ltr' id='par_1_2' title="bbox 159 563 1231 816">
     <span class='ocr_line' id='line_1_2' title="bbox 214 563 1231 638; baseline 0 -18"><span class='ocrx_word' id='word_1_2' title='bbox 214 565 318 621; x_wconf 79' lang='lat' dir='ltr'><strong>Navita</strong></span> <span class='ocrx_word' id='word_1_3' title='bbox 334 565 367 620; x_wconf 90' lang='lat' dir='ltr'><strong>de</strong></span> <span class='ocrx_word' id='word_1_4' title='bbox 385 565 483 631; x_wconf 87' lang='lat' dir='ltr'><strong>ventis,</strong></span> <span class='ocrx_word' id='word_1_5' title='bbox 502 563 535 620; x_wconf 93' lang='lat' dir='ltr'><strong>de</strong></span> <span class='ocrx_word' id='word_1_6' title='bbox 547 565 634 620; x_wconf 89' lang='lat' dir='ltr'><strong>tauris</strong></span> <span class='ocrx_word' id='word_1_7' title='bbox 652 568 775 621; x_wconf 88' lang='lat' dir='ltr'><strong>narrat</strong></span> <span class='ocrx_word' id='word_1_8' title='bbox 791 569 907 622; x_wconf 90' lang='lat' dir='ltr'><strong>arator</strong></span> <span class='ocrx_word' id='word_1_9' title='bbox 913 587 921 633; x_wconf 87' lang='lat'>;</span> <span class='ocrx_word' id='word_1_10' title='bbox 944 583 1022 638; x_wconf 91' lang='lat' dir='ltr'><strong>quem</strong></span> <span class='ocrx_word' id='word_1_11' title='bbox 1040 583 1131 622; x_wconf 88' lang='lat' dir='ltr'><strong>versus</strong></span> <span class='ocrx_word' id='word_1_12' title='bbox 1149 567 1231 621; x_wconf 90' lang='lat' dir='ltr'><strong>finem</strong></span> 
     </span>
     <span class='ocr_line' id='line_1_3' title="bbox 160 654 1231 726; baseline 0.001 -18"><span class='ocrx_word' id='word_1_13' title='bbox 160 655 286 710; x_wconf 84' lang='lat' dir='ltr'>Tibullus</span> <span class='ocrx_word' id='word_1_14' title='bbox 304 655 395 724; x_wconf 82' lang='lat' dir='ltr'>posuit</span> <span class='ocrx_word' id='word_1_15' title='bbox 414 654 575 724; x_wconf 83' lang='lat' dir='ltr'><strong>quadragies</strong></span> <span class='ocrx_word' id='word_1_16' title='bbox 594 655 688 720; x_wconf 82' lang='lat' dir='ltr'>sexies,</span> <span class='ocrx_word' id='word_1_17' title='bbox 708 655 864 726; x_wconf 82' lang='lat' dir='ltr'><strong>Lygdamus</strong></span> <span class='ocrx_word' id='word_1_18' title='bbox 887 656 970 710; x_wconf 86' lang='lat' dir='ltr'><strong>vicies</strong></span> <span class='ocrx_word' id='word_1_19' title='bbox 988 657 1078 720; x_wconf 90' lang='lat' dir='ltr'><strong>semel,</strong></span> <span class='ocrx_word' id='word_1_20' title='bbox 1106 655 1231 710; x_wconf 87' lang='lat' dir='ltr'><strong>laudator</strong></span> 
     </span>
     <span class='ocr_line' id='line_1_4' title="bbox 159 744 1230 816; baseline 0 -18"><span class='ocrx_word' id='word_1_21' title='bbox 159 744 303 800; x_wconf 82' lang='lat' dir='ltr'><strong>Messallae</strong></span> <span class='ocrx_word' id='word_1_22' title='bbox 322 746 404 799; x_wconf 80' lang='lat' dir='ltr'><strong>uicies</strong></span> <span class='ocrx_word' id='word_1_23' title='bbox 423 745 517 810; x_wconf 77' lang='lat' dir='ltr'><strong>series,</strong></span> <span class='ocrx_word' id='word_1_24' title='bbox 535 745 692 814; x_wconf 77' lang='lat' dir='ltr'><strong>Propertius</strong></span> <span class='ocrx_word' id='word_1_25' title='bbox 711 745 935 814; x_wconf 85' lang='lat' dir='ltr'><strong>quadringenties</strong></span> <span class='ocrx_word' id='word_1_26' title='bbox 960 745 1121 816; x_wconf 81' lang='lat' dir='ltr'><strong>quadragies</strong></span> <span class='ocrx_word' id='word_1_27' title='bbox 1140 745 1230 800; x_wconf 91' lang='lat' dir='ltr'><strong>semel.</strong></span> 
     </span>
    </p>

    <p class='ocr_par' dir='ltr' id='par_1_3' title="bbox 108 831 1231 1082">
     <span class='ocr_line' id='line_1_5' title="bbox 108 831 1231 904; baseline 0 -18"><span class='ocrx_word' id='word_1_28' title='bbox 108 831 139 900; x_wconf 93' lang='lat' dir='ltr'><strong>b)</strong></span> <span class='ocrx_word' id='word_1_29' title='bbox 159 831 210 888; x_wconf 88' lang='lat' dir='ltr'><strong>Pes</strong></span> <span class='ocrx_word' id='word_1_30' title='bbox 229 834 343 904; x_wconf 88' lang='lat' dir='ltr'><strong>quintus</strong></span> <span class='ocrx_word' id='word_1_31' title='bbox 361 836 452 903; x_wconf 90' lang='lat' dir='ltr'><strong>potest</strong></span> <span class='ocrx_word' id='word_1_32' title='bbox 469 833 587 902; x_wconf 89' lang='lat' dir='ltr'><strong>incipere</strong></span> <span class='ocrx_word' id='word_1_33' title='bbox 611 850 626 886; x_wconf 91' lang='lat' dir='ltr'><strong>a</strong></span> <span class='ocrx_word' id='word_1_34' title='bbox 645 833 760 887; x_wconf 88' lang='lat' dir='ltr'><strong>secunda</strong></span> <span class='ocrx_word' id='word_1_35' title='bbox 785 833 891 903; x_wconf 83' lang='lat' dir='ltr'><strong>syllaba</strong></span> <span class='ocrx_word' id='word_1_36' title='bbox 909 834 980 888; x_wconf 84' lang='lat' dir='ltr'><strong>vocis</strong></span> <span class='ocrx_word' id='word_1_37' title='bbox 1000 837 1131 904; x_wconf 88' lang='lat' dir='ltr'><strong>quattuor</strong></span> <span class='ocrx_word' id='word_1_38' title='bbox 1149 833 1231 904; x_wconf 92' lang='lat' dir='ltr'><strong>sylla-</strong></span> 
     </span>
     <span class='ocr_line' id='line_1_6' title="bbox 160 921 1231 992; baseline 0.001 -15"><span class='ocrx_word' id='word_1_39' title='bbox 160 921 264 988; x_wconf 92' lang='lat' dir='ltr'><strong>barum,</strong></span> <span class='ocrx_word' id='word_1_40' title='bbox 283 924 327 978; x_wconf 81' lang='lat' dir='ltr'><strong>rel</strong></span> <span class='ocrx_word' id='word_1_41' title='bbox 345 941 361 977; x_wconf 90' lang='lat' dir='ltr'><strong>a</strong></span> <span class='ocrx_word' id='word_1_42' title='bbox 380 923 464 978; x_wconf 87' lang='lat' dir='ltr'><strong>tertia</strong></span> <span class='ocrx_word' id='word_1_43' title='bbox 483 923 555 976; x_wconf 77' lang='lat' dir='ltr'><strong>vocis</strong></span> <span class='ocrx_word' id='word_1_44' title='bbox 574 923 693 992; x_wconf 89' lang='lat' dir='ltr'><strong>quinque</strong></span> <span class='ocrx_word' id='word_1_45' title='bbox 711 922 883 992; x_wconf 84' lang='lat' dir='ltr'><strong>syllabarum,</strong></span> <span class='ocrx_word' id='word_1_46' title='bbox 907 925 998 978; x_wconf 86' lang='lat' dir='ltr'><strong>sertus</strong></span> <span class='ocrx_word' id='word_1_47' title='bbox 1011 939 1073 978; x_wconf 82' lang='lat' dir='ltr'><strong>vcro</strong></span> <span class='ocrx_word' id='word_1_48' title='bbox 1086 923 1231 978; x_wconf 80' lang='lat' dir='ltr'><strong>consistere</strong></span> 
     </span>
     <span class='ocr_line' id='line_1_7' title="bbox 164 1011 839 1082; baseline 0 -16"><span class='ocrx_word' id='word_1_49' title='bbox 164 1012 245 1067; x_wconf 83' lang='lat' dir='ltr'><strong>verbo</strong></span> <span class='ocrx_word' id='word_1_50' title='bbox 264 1016 382 1068; x_wconf 89' lang='lat' dir='ltr'><strong>metrum</strong></span> <span class='ocrx_word' id='word_1_51' title='bbox 400 1015 574 1082; x_wconf 83' lang='lat' dir='ltr'><strong>exaequante,</strong></span> <span class='ocrx_word' id='word_1_52' title='bbox 593 1015 626 1064; x_wconf 92' lang='lat' dir='ltr'><strong>ut</strong></span> <span class='ocrx_word' id='word_1_53' title='bbox 644 1012 688 1065; x_wconf 89' lang='lat' dir='ltr'><strong>his</strong></span> <span class='ocrx_word' id='word_1_54' title='bbox 706 1011 839 1066; x_wconf 87' lang='lat' dir='ltr'><strong>versibus:</strong></span> 
     </span>
    </p>

    <p class='ocr_par' dir='ltr' id='par_1_4' title="bbox 214 1100 904 1171">
     <span class='ocr_line' id='line_1_8' title="bbox 214 1100 904 1171; baseline 0 -15"><span class='ocrx_word' id='word_1_55' title='bbox 214 1102 300 1171; x_wconf 85' lang='lat' dir='ltr'><strong>Saepe</strong></span> <span class='ocrx_word' id='word_1_56' title='bbox 318 1118 368 1170; x_wconf 89' lang='lat' dir='ltr'><strong>ego</strong></span> <span class='ocrx_word' id='word_1_57' title='bbox 387 1101 521 1170; x_wconf 86' lang='lat' dir='ltr'><strong>temptavi</strong></span> <span class='ocrx_word' id='word_1_58' title='bbox 533 1117 609 1155; x_wconf 89' lang='lat' dir='ltr'><strong>curas</strong></span> <span class='ocrx_word' id='word_1_59' title='bbox 628 1100 797 1170; x_wconf 81' lang='lat' dir='ltr'><strong>depellere</strong></span> <span class='ocrx_word' id='word_1_60' title='bbox 817 1103 904 1156; x_wconf 83' lang='lat' dir='ltr'><strong>vino.</strong></span> 
     </span>
    </p>

    <p class='ocr_par' dir='ltr' id='par_1_5' title="bbox 214 1189 876 1259">
     <span class='ocr_line' id='line_1_9' title="bbox 214 1189 876 1259; baseline 0.002 -15"><span class='ocrx_word' id='word_1_61' title='bbox 214 1190 284 1244; x_wconf 92' lang='lat' dir='ltr'><strong>Urbi</strong></span> <span class='ocrx_word' id='word_1_62' title='bbox 301 1191 388 1246; x_wconf 87' lang='lat' dir='ltr'><strong>festus</strong></span> <span class='ocrx_word' id='word_1_63' title='bbox 406 1193 473 1255; x_wconf 90' lang='lat' dir='ltr'><strong>erat,</strong></span> <span class='ocrx_word' id='word_1_64' title='bbox 493 1189 582 1244; x_wconf 83' lang='lat' dir='ltr'><strong>dixere</strong></span> <span class='ocrx_word' id='word_1_65' title='bbox 600 1189 736 1244; x_wconf 71' lang='lat' dir='ltr'><strong>Parilia</strong></span> <span class='ocrx_word' id='word_1_66' title='bbox 755 1193 876 1259; x_wconf 88' lang='lat' dir='ltr'><strong>patres.</strong></span> 
     </span>
    </p>

    <p class='ocr_par' dir='ltr' id='par_1_6' title="bbox 163 1279 1233 1972">
     <span class='ocr_line' id='line_1_10' title="bbox 215 1279 952 1348; baseline -0.001 -14"><span class='ocrx_word' id='word_1_67' title='bbox 215 1279 279 1334; x_wconf 90' lang='lat' dir='ltr'><strong>Iuro</strong></span> <span class='ocrx_word' id='word_1_68' title='bbox 297 1296 347 1348; x_wconf 89' lang='lat' dir='ltr'><strong>ego</strong></span> <span class='ocrx_word' id='word_1_69' title='bbox 365 1279 483 1334; x_wconf 79' lang='lat' dir='ltr'><strong>latorum</strong></span> <span class='ocrx_word' id='word_1_70' title='bbox 501 1279 572 1333; x_wconf 92' lang='lat' dir='ltr'><strong>nulli</strong></span> <span class='ocrx_word' id='word_1_71' title='bbox 590 1279 785 1333; x_wconf 85' lang='lat' dir='ltr'><strong>revolubile</strong></span> <span class='ocrx_word' id='word_1_72' title='bbox 804 1295 952 1344; x_wconf 71' lang='lat' dir='ltr'><strong>carmem</strong></span> 
     </span>
     <span class='ocr_line' id='line_1_11' title="bbox 163 1366 1231 1450; baseline 0 -28"><span class='ocrx_word' id='word_1_73' title='bbox 163 1367 306 1422; x_wconf 88' lang='lat' dir='ltr'><strong>secuudum</strong></span> <span class='ocrx_word' id='word_1_74' title='bbox 325 1384 390 1438; x_wconf 91' lang='lat' dir='ltr'><strong>quos</strong></span> <span class='ocrx_word' id='word_1_75' title='bbox 414 1366 514 1432; x_wconf 90' lang='lat' dir='ltr'><strong>modos,</strong></span> <span class='ocrx_word' id='word_1_76' title='bbox 540 1383 701 1437; x_wconf 93' lang='lat' dir='ltr'><strong>quamquam</strong></span> <span class='ocrx_word' id='word_1_77' title='bbox 728 1367 830 1436; x_wconf 87' lang='lat' dir='ltr'><strong>primus</strong></span> <span class='ocrx_word' id='word_1_78' title='bbox 856 1368 962 1437; x_wconf 89' lang='lat' dir='ltr'><strong>saepius</strong></span> <span class='ocrx_word' id='word_1_79' title='bbox 990 1367 1086 1422; x_wconf 87' lang='lat' dir='ltr'><strong>ceteris</strong></span> <span class='ocrx_word' id='word_1_80' title='bbox 1113 1367 1231 1450; x_wconf 57' lang='lat' dir='ltr'><strong>ponitur,</strong></span> 
     </span>
     <span class='ocr_line' id='line_1_12' title="bbox 164 1456 1233 1526; baseline 0 -15"><span class='ocrx_word' id='word_1_81' title='bbox 164 1457 287 1511; x_wconf 82' lang='lat' dir='ltr'><strong>Tibullus</strong></span> <span class='ocrx_word' id='word_1_82' title='bbox 305 1456 434 1510; x_wconf 80' lang='lat' dir='ltr'><strong>formavit</strong></span> <span class='ocrx_word' id='word_1_83' title='bbox 456 1457 523 1510; x_wconf 89' lang='lat' dir='ltr'><strong>fines</strong></span> <span class='ocrx_word' id='word_1_84' title='bbox 541 1472 665 1510; x_wconf 87' lang='lat' dir='ltr'><strong>versuum</strong></span> <span class='ocrx_word' id='word_1_85' title='bbox 688 1456 840 1524; x_wconf 76' lang='lat' dir='ltr'><strong>nonaginta</strong></span> <span class='ocrx_word' id='word_1_86' title='bbox 867 1460 896 1510; x_wconf 91' lang='lat' dir='ltr'><strong>et</strong></span> <span class='ocrx_word' id='word_1_87' title='bbox 923 1457 1012 1522; x_wconf 89' lang='lat' dir='ltr'><strong>unius,</strong></span> <span class='ocrx_word' id='word_1_88' title='bbox 1041 1457 1233 1526; x_wconf 85' lang='lat' dir='ltr'><strong>undetriginta</strong></span> 
     </span>
     <span class='ocr_line' id='line_1_13' title="bbox 164 1545 1232 1616; baseline 0.001 -17"><span class='ocrx_word' id='word_1_89' title='bbox 164 1545 326 1616; x_wconf 82' lang='lat' dir='ltr'><strong>Lygdamus,</strong></span> <span class='ocrx_word' id='word_1_90' title='bbox 345 1545 469 1600; x_wconf 91' lang='lat' dir='ltr'><strong>laudator</strong></span> <span class='ocrx_word' id='word_1_91' title='bbox 486 1545 628 1599; x_wconf 89' lang='lat' dir='ltr'><strong>Messallae</strong></span> <span class='ocrx_word' id='word_1_92' title='bbox 647 1545 849 1614; x_wconf 87' lang='lat' dir='ltr'><strong>quinquaginta</strong></span> <span class='ocrx_word' id='word_1_93' title='bbox 867 1548 897 1598; x_wconf 91' lang='lat' dir='ltr'><strong>et</strong></span> <span class='ocrx_word' id='word_1_94' title='bbox 915 1548 983 1610; x_wconf 89' lang='lat' dir='ltr'><strong>octo,</strong></span> <span class='ocrx_word' id='word_1_95' title='bbox 1009 1545 1167 1616; x_wconf 86' lang='lat' dir='ltr'><strong>Propertius</strong></span> <span class='ocrx_word' id='word_1_96' title='bbox 1185 1545 1232 1599; x_wconf 93' lang='lat' dir='ltr'><strong>du·</strong></span> 
     </span>
     <span class='ocr_line' id='line_1_14' title="bbox 164 1633 1233 1706; baseline 0.001 -18"><span class='ocrx_word' id='word_1_97' title='bbox 164 1638 301 1690; x_wconf 89' lang='lat' dir='ltr'><strong>centorum</strong></span> <span class='ocrx_word' id='word_1_98' title='bbox 319 1634 461 1702; x_wconf 83' lang='lat' dir='ltr'><strong>sexaginta</strong></span> <span class='ocrx_word' id='word_1_99' title='bbox 479 1633 604 1698; x_wconf 90' lang='lat' dir='ltr'><strong>duorum;</strong></span> <span class='ocrx_word' id='word_1_100' title='bbox 630 1635 751 1702; x_wconf 86' lang='lat' dir='ltr'><strong>exempla</strong></span> <span class='ocrx_word' id='word_1_101' title='bbox 770 1650 832 1688; x_wconf 87' lang='lat' dir='ltr'><strong>vero</strong></span> <span class='ocrx_word' id='word_1_102' title='bbox 857 1635 1019 1702; x_wconf 89' lang='lat' dir='ltr'><strong>paucissima</strong></span> <span class='ocrx_word' id='word_1_103' title='bbox 1038 1635 1156 1689; x_wconf 88' lang='lat' dir='ltr'><strong>inveniri</strong></span> <span class='ocrx_word' id='word_1_104' title='bbox 1173 1652 1233 1706; x_wconf 94' lang='lat' dir='ltr'><strong>pos·</strong></span> 
     </span>
     <span class='ocr_line' id='line_1_15' title="bbox 164 1722 1233 1793; baseline 0 -15"><span class='ocrx_word' id='word_1_105' title='bbox 164 1727 236 1789; x_wconf 91' lang='lat' dir='ltr'><strong>suut,</strong></span> <span class='ocrx_word' id='word_1_106' title='bbox 262 1723 310 1784; x_wconf 89' lang='lat' dir='ltr'><strong>ubi</strong></span> <span class='ocrx_word' id='word_1_107' title='bbox 337 1740 383 1792; x_wconf 91' lang='lat' dir='ltr'><strong>pes</strong></span> <span class='ocrx_word' id='word_1_108' title='bbox 401 1726 491 1777; x_wconf 90' lang='lat' dir='ltr'><strong>sertus</strong></span> <span class='ocrx_word' id='word_1_109' title='bbox 517 1739 571 1777; x_wconf 90' lang='lat' dir='ltr'><strong>uno</strong></span> <span class='ocrx_word' id='word_1_110' title='bbox 590 1725 697 1777; x_wconf 89' lang='lat' dir='ltr'><strong>constat</strong></span> <span class='ocrx_word' id='word_1_111' title='bbox 716 1722 853 1786; x_wconf 89' lang='lat' dir='ltr'><strong>vocabulo,</strong></span> <span class='ocrx_word' id='word_1_112' title='bbox 880 1722 961 1791; x_wconf 89' lang='lat' dir='ltr'><strong>pedes</strong></span> <span class='ocrx_word' id='word_1_113' title='bbox 979 1740 1041 1777; x_wconf 89' lang='lat' dir='ltr'><strong>vero</strong></span> <span class='ocrx_word' id='word_1_114' title='bbox 1066 1724 1178 1793; x_wconf 89' lang='lat' dir='ltr'><strong>quintus</strong></span> <span class='ocrx_word' id='word_1_115' title='bbox 1205 1727 1233 1778; x_wconf 87' lang='lat' dir='ltr'><strong>et</strong></span> 
     </span>
     <span class='ocr_line' id='line_1_16' title="bbox 165 1811 1233 1883; baseline 0.002 -17"><span class='ocrx_word' id='word_1_116' title='bbox 165 1816 276 1883; x_wconf 88' lang='lat' dir='ltr'><strong>quartus</strong></span> <span class='ocrx_word' id='word_1_117' title='bbox 294 1813 379 1868; x_wconf 86' lang='lat' dir='ltr'><strong>etiam</strong></span> <span class='ocrx_word' id='word_1_118' title='bbox 396 1827 449 1866; x_wconf 92' lang='lat' dir='ltr'><strong>uno</strong></span> <span class='ocrx_word' id='word_1_119' title='bbox 467 1812 595 1866; x_wconf 83' lang='lat' dir='ltr'><strong>vocabulo</strong></span> <span class='ocrx_word' id='word_1_120' title='bbox 614 1811 773 1866; x_wconf 90' lang='lat' dir='ltr'><strong>consistunt.</strong></span> <span class='ocrx_word' id='word_1_121' title='bbox 814 1812 847 1865; x_wconf 93' lang='lat' dir='ltr'><strong>In</strong></span> <span class='ocrx_word' id='word_1_122' title='bbox 867 1812 984 1882; x_wconf 89' lang='lat' dir='ltr'><strong>quinque</strong></span> <span class='ocrx_word' id='word_1_123' title='bbox 1003 1813 1129 1882; x_wconf 90' lang='lat' dir='ltr'><strong>Properti</strong></span> <span class='ocrx_word' id='word_1_124' title='bbox 1147 1830 1233 1868; x_wconf 82' lang='lat' dir='ltr'><strong>exem·</strong></span> 
     </span>
     <span class='ocr_line' id='line_1_17' title="bbox 165 1901 1047 1972; baseline 0 -16"><span class='ocrx_word' id='word_1_125' title='bbox 165 1903 217 1972; x_wconf 90' lang='lat' dir='ltr'><strong>plis</strong></span> <span class='ocrx_word' id='word_1_126' title='bbox 234 1903 286 1956; x_wconf 92' lang='lat' dir='ltr'><strong>huc</strong></span> <span class='ocrx_word' id='word_1_127' title='bbox 305 1901 506 1970; x_wconf 89' lang='lat' dir='ltr'><strong>pertinentibus</strong></span> <span class='ocrx_word' id='word_1_128' title='bbox 524 1917 571 1970; x_wconf 90' lang='lat' dir='ltr'><strong>pes</strong></span> <span class='ocrx_word' id='word_1_129' title='bbox 590 1904 702 1971; x_wconf 92' lang='lat' dir='ltr'><strong>quartus</strong></span> <span class='ocrx_word' id='word_1_130' title='bbox 721 1917 823 1970; x_wconf 89' lang='lat' dir='ltr'><strong>semper</strong></span> <span class='ocrx_word' id='word_1_131' title='bbox 842 1904 884 1954; x_wconf 90' lang='lat' dir='ltr'><strong>est</strong></span> <span class='ocrx_word' id='word_1_132' title='bbox 902 1901 1047 1970; x_wconf 89' lang='lat' dir='ltr'><strong>spondeus:</strong></span> 
     </span>
    </p>

    <p class='ocr_par' dir='ltr' id='par_1_7' title="bbox 218 1988 1234 2058">
     <span class='ocr_line' id='line_1_18' title="bbox 218 1988 1234 2058; baseline -0.001 -14"><span class='ocrx_word' id='word_1_133' title='bbox 218 1989 351 2058; x_wconf 81' lang='lat' dir='ltr'><strong>Gorgonis</strong></span> <span class='ocrx_word' id='word_1_134' title='bbox 369 1995 398 2044; x_wconf 89' lang='lat' dir='ltr'><strong>ct</strong></span> <span class='ocrx_word' id='word_1_135' title='bbox 416 1989 502 2044; x_wconf 89' lang='lat' dir='ltr'><strong>satius</strong></span> <span class='ocrx_word' id='word_1_136' title='bbox 521 1989 577 2042; x_wconf 89' lang='lat' dir='ltr'><strong>fuit</strong></span> <span class='ocrx_word' id='word_1_137' title='bbox 595 1988 822 2044; x_wconf 83' lang='lat' dir='ltr'><strong>obdurescere</strong></span> <span class='ocrx_word' id='word_1_138' title='bbox 847 1989 957 2044; x_wconf 87' lang='lat' dir='ltr'><strong>vultu.</strong></span> <span class='ocrx_word' id='word_1_139' title='bbox 1057 1991 1110 2056; x_wconf 86' lang='lat'><strong>111,</strong></span> <span class='ocrx_word' id='word_1_140' title='bbox 1128 1992 1171 2055; x_wconf 80' lang='lat'><strong>20,</strong></span> <span class='ocrx_word' id='word_1_141' title='bbox 1191 1991 1234 2045; x_wconf 86' lang='lat'><strong>13.</strong></span> 
     </span>
    </p>

    <p class='ocr_par' dir='ltr' id='par_1_8' title="bbox 217 2077 1233 2147">
     <span class='ocr_line' id='line_1_19' title="bbox 217 2077 1233 2147; baseline 0.002 -15"><span class='ocrx_word' id='word_1_142' title='bbox 217 2078 255 2132; x_wconf 80' lang='lat' dir='ltr'><strong>Et</strong></span> <span class='ocrx_word' id='word_1_143' title='bbox 272 2079 296 2133; x_wconf 90' lang='lat' dir='ltr'><strong>si</strong></span> <span class='ocrx_word' id='word_1_144' title='bbox 313 2079 369 2132; x_wconf 91' lang='lat' dir='ltr'><strong>iam</strong></span> <span class='ocrx_word' id='word_1_145' title='bbox 387 2094 486 2147; x_wconf 89' lang='lat' dir='ltr'><strong>pecces,</strong></span> <span class='ocrx_word' id='word_1_146' title='bbox 505 2077 569 2132; x_wconf 90' lang='lat' dir='ltr'><strong>deus</strong></span> <span class='ocrx_word' id='word_1_147' title='bbox 588 2077 777 2132; x_wconf 86' lang='lat' dir='ltr'><strong>exorabilis</strong></span> <span class='ocrx_word' id='word_1_148' title='bbox 795 2078 907 2134; x_wconf 86' lang='lat' dir='ltr'><strong>illest.</strong></span> <span class='ocrx_word' id='word_1_149' title='bbox 1056 2080 1108 2145; x_wconf 88' lang='lat' dir='ltr'><strong>Ill,</strong></span> <span class='ocrx_word' id='word_1_150' title='bbox 1128 2080 1171 2144; x_wconf 74' lang='lat'><strong>28,</strong></span> <span class='ocrx_word' id='word_1_151' title='bbox 1191 2081 1233 2134; x_wconf 90' lang='lat'><strong>11.</strong></span> 
     </span>
    </p>

    <p class='ocr_par' dir='ltr' id='par_1_9' title="bbox 218 2167 1234 2238">
     <span class='ocr_line' id='line_1_20' title="bbox 218 2167 1234 2238; baseline 0 -16"><span class='ocrx_word' id='word_1_152' title='bbox 218 2167 309 2238; x_wconf 83' lang='lat' dir='ltr'><strong>Atque</strong></span> <span class='ocrx_word' id='word_1_153' title='bbox 321 2167 369 2221; x_wconf 94' lang='lat' dir='ltr'><strong>ubi</strong></span> <span class='ocrx_word' id='word_1_154' title='bbox 381 2168 436 2222; x_wconf 91' lang='lat' dir='ltr'><strong>iam</strong></span> <span class='ocrx_word' id='word_1_155' title='bbox 446 2168 577 2222; x_wconf 88' lang='lat' dir='ltr'><strong>Venerem</strong></span> <span class='ocrx_word' id='word_1_156' title='bbox 589 2167 682 2235; x_wconf 86' lang='lat' dir='ltr'><strong>gravis</strong></span> <span class='ocrx_word' id='word_1_157' title='bbox 693 2167 926 2236; x_wconf 81' lang='lat' dir='ltr'><strong>interceperit</strong></span> <span class='ocrx_word' id='word_1_158' title='bbox 938 2171 1041 2223; x_wconf 89' lang='lat' dir='ltr'><strong>aetas.</strong></span> <span class='ocrx_word' id='word_1_159' title='bbox 1061 2169 1109 2235; x_wconf 90' lang='lat' dir='ltr'><strong>IV,</strong></span> <span class='ocrx_word' id='word_1_160' title='bbox 1145 2169 1171 2232; x_wconf 81' lang='lat'><strong>4,</strong></span> <span class='ocrx_word' id='word_1_161' title='bbox 1190 2169 1234 2222; x_wconf 80' lang='lat'><strong>23.</strong></span> 
     </span>
    </p>

    <p class='ocr_par' dir='ltr' id='par_1_10' title="bbox 219 2254 1232 2326">
     <span class='ocr_line' id='line_1_21' title="bbox 219 2254 1232 2326; baseline -0.001 -15"><span class='ocrx_word' id='word_1_162' title='bbox 219 2256 330 2311; x_wconf 90' lang='lat' dir='ltr'><strong>Iunonis</strong></span> <span class='ocrx_word' id='word_1_163' title='bbox 347 2256 431 2310; x_wconf 88' lang='lat' dir='ltr'><strong>facito</strong></span> <span class='ocrx_word' id='word_1_164' title='bbox 450 2259 543 2310; x_wconf 84' lang='lat' dir='ltr'><strong>votum</strong></span> <span class='ocrx_word' id='word_1_165' title='bbox 568 2254 792 2326; x_wconf 84' lang='lat' dir='ltr'><strong>impetrabile</strong></span> <span class='ocrx_word' id='word_1_166' title='bbox 811 2255 890 2310; x_wconf 84' lang='lat' dir='ltr'><strong>diri.</strong></span> <span class='ocrx_word' id='word_1_167' title='bbox 1078 2258 1110 2322; x_wconf 88' lang='lat' dir='ltr'><strong>V,</strong></span> <span class='ocrx_word' id='word_1_168' title='bbox 1131 2259 1155 2321; x_wconf 89' lang='lat'><strong>1,</strong></span> <span class='ocrx_word' id='word_1_169' title='bbox 1174 2259 1232 2312; x_wconf 91' lang='lat'>101.</span> 
     </span>
    </p>

    <p class='ocr_par' dir='ltr' id='par_1_11' title="bbox 217 2345 1232 2414">
     <span class='ocr_line' id='line_1_22' title="bbox 217 2345 1232 2414; baseline 0 -14"><span class='ocrx_word' id='word_1_170' title='bbox 217 2345 269 2400; x_wconf 90' lang='lat' dir='ltr'><strong>Hic</strong></span> <span class='ocrx_word' id='word_1_171' title='bbox 287 2345 376 2399; x_wconf 88' lang='lat' dir='ltr'><strong>dulces</strong></span> <span class='ocrx_word' id='word_1_172' title='bbox 394 2362 504 2409; x_wconf 82' lang='lat' dir='ltr'><strong>cerasos,</strong></span> <span class='ocrx_word' id='word_1_173' title='bbox 523 2345 567 2399; x_wconf 90' lang='lat' dir='ltr'><strong>hic</strong></span> <span class='ocrx_word' id='word_1_174' title='bbox 586 2345 821 2400; x_wconf 90' lang='lat' dir='ltr'><strong>auctumnalia</strong></span> <span class='ocrx_word' id='word_1_175' title='bbox 842 2361 958 2414; x_wconf 91' lang='lat' dir='ltr'><strong>pruna.</strong></span> <span class='ocrx_word' id='word_1_176' title='bbox 1073 2345 1106 2411; x_wconf 85' lang='lat' dir='ltr'><strong>V,</strong></span> <span class='ocrx_word' id='word_1_177' title='bbox 1143 2348 1169 2412; x_wconf 78' lang='lat'><strong>2,</strong></span> <span class='ocrx_word' id='word_1_178' title='bbox 1190 2347 1232 2400; x_wconf 84' lang='lat'><strong>15.</strong></span> 
     </span>
    </p>

    <p class='ocr_par' dir='ltr' id='par_1_12' title="bbox 15 2433 1234 2592">
     <span class='ocr_line' id='line_1_23' title="bbox 270 2433 1015 2503; baseline 0.001 -15"><span class='ocrx_word' id='word_1_179' title='bbox 270 2435 301 2488; x_wconf 95' lang='lat' dir='ltr'><strong>in</strong></span> <span class='ocrx_word' id='word_1_180' title='bbox 320 2435 405 2488; x_wconf 86' lang='lat' dir='ltr'><strong>altero</strong></span> <span class='ocrx_word' id='word_1_181' title='bbox 423 2434 573 2489; x_wconf 88' lang='lat' dir='ltr'><strong>laudatoris</strong></span> <span class='ocrx_word' id='word_1_182' title='bbox 591 2435 735 2489; x_wconf 86' lang='lat' dir='ltr'><strong>Messallae</strong></span> <span class='ocrx_word' id='word_1_183' title='bbox 753 2433 877 2503; x_wconf 89' lang='lat' dir='ltr'><strong>dactylus</strong></span> <span class='ocrx_word' id='word_1_184' title='bbox 898 2435 1015 2502; x_wconf 88' lang='lat' dir='ltr'><strong>legitur:</strong></span> 
     </span>
     <span class='ocr_line' id='line_1_24' title="bbox 15 2519 1234 2592; baseline 0.002 -16"><span class='ocrx_word' id='word_1_185' title='bbox 15 2577 16 2584; x_wconf 63' lang='grc'>,</span> <span class='ocrx_word' id='word_1_186' title='bbox 115 2519 118 2524; x_wconf 83' lang='grc'><strong>’</strong></span> <span class='ocrx_word' id='word_1_187' title='bbox 218 2523 288 2577; x_wconf 89' lang='lat' dir='ltr'><strong>Nam</strong></span> <span class='ocrx_word' id='word_1_188' title='bbox 307 2540 353 2577; x_wconf 90' lang='lat' dir='ltr'><strong>seu</strong></span> <span class='ocrx_word' id='word_1_189' title='bbox 372 2522 472 2578; x_wconf 87' lang='lat' dir='ltr'><strong>diversi</strong></span> <span class='ocrx_word' id='word_1_190' title='bbox 490 2523 590 2577; x_wconf 79' lang='lat' dir='ltr'><strong>fremat</strong></span> <span class='ocrx_word' id='word_1_191' title='bbox 608 2522 853 2577; x_wconf 86' lang='lat' dir='ltr'><strong>inconstantia</strong></span> <span class='ocrx_word' id='word_1_192' title='bbox 873 2523 977 2592; x_wconf 88' lang='lat' dir='ltr'><strong>vulgi.</strong></span> <span class='ocrx_word' id='word_1_193' title='bbox 1190 2523 1234 2578; x_wconf 84' lang='lat'><strong>45.</strong></span> 
     </span>
    </p>

    <p class='ocr_par' dir='ltr' id='par_1_13' title="bbox 218 2611 1235 2668">
     <span class='ocr_line' id='line_1_25' title="bbox 218 2611 1235 2668; baseline 0.002 -2"><span class='ocrx_word' id='word_1_194' title='bbox 218 2611 321 2666; x_wconf 90' lang='lat' dir='ltr'><strong>Horrea</strong></span> <span class='ocrx_word' id='word_1_195' title='bbox 339 2611 466 2666; x_wconf 87' lang='lat' dir='ltr'><strong>fecundas</strong></span> <span class='ocrx_word' id='word_1_196' title='bbox 486 2611 521 2665; x_wconf 89' lang='lat' dir='ltr'><strong>ad</strong></span> <span class='ocrx_word' id='word_1_197' title='bbox 539 2611 747 2666; x_wconf 85' lang='lat' dir='ltr'><strong>deficientia</strong></span> <span class='ocrx_word' id='word_1_198' title='bbox 770 2628 904 2666; x_wconf 89' lang='lat' dir='ltr'><strong>messes.</strong></span> <span class='ocrx_word' id='word_1_199' title='bbox 1174 2613 1235 2668; x_wconf 88' lang='lat'><strong>185.</strong></span> 
     </span>
    </p>

    <p class='ocr_par' dir='ltr' id='par_1_14' title="bbox 219 2701 1236 2844">
     <span class='ocr_line' id='line_1_26' title="bbox 273 2701 1236 2772; baseline 0.002 -18"><span class='ocrx_word' id='word_1_200' title='bbox 273 2701 397 2756; x_wconf 80' lang='lat' dir='ltr'><strong>Tibullus</strong></span> <span class='ocrx_word' id='word_1_201' title='bbox 415 2704 444 2756; x_wconf 93' lang='lat' dir='ltr'><strong>et</strong></span> <span class='ocrx_word' id='word_1_202' title='bbox 462 2701 616 2772; x_wconf 80' lang='lat' dir='ltr'><strong>Lygdamus</strong></span> <span class='ocrx_word' id='word_1_203' title='bbox 635 2705 694 2756; x_wconf 91' lang='lat' dir='ltr'><strong>arte</strong></span> <span class='ocrx_word' id='word_1_204' title='bbox 712 2701 825 2756; x_wconf 89' lang='lat' dir='ltr'><strong>metrica</strong></span> <span class='ocrx_word' id='word_1_205' title='bbox 843 2701 892 2756; x_wconf 89' lang='lat' dir='ltr'><strong>hos</strong></span> <span class='ocrx_word' id='word_1_206' title='bbox 917 2702 1005 2756; x_wconf 86' lang='lat' dir='ltr'><strong>exitus</strong></span> <span class='ocrx_word' id='word_1_207' title='bbox 1029 2701 1112 2755; x_wconf 91' lang='lat' dir='ltr'><strong>nimis</strong></span> <span class='ocrx_word' id='word_1_208' title='bbox 1137 2701 1236 2756; x_wconf 89' lang='lat' dir='ltr'><strong>liberos</strong></span> 
     </span>
     <span class='ocr_line' id='line_1_27' title="bbox 219 2791 385 2844; baseline 0 0"><span class='ocrx_word' id='word_1_209' title='bbox 219 2791 385 2844; x_wconf 82' lang='lat' dir='ltr'><strong>vitaverunt.</strong></span> 
     </span>
    </p>

    <p class='ocr_par' dir='ltr' id='par_1_15' title="bbox 125 2878 1236 3127">
     <span class='ocr_line' id='line_1_28' title="bbox 125 2878 1236 2948; baseline 0.001 -16"><span class='ocrx_word' id='word_1_210' title='bbox 125 2878 149 2948; x_wconf 92' lang='lat' dir='ltr'><strong>o)</strong></span> <span class='ocrx_word' id='word_1_211' title='bbox 166 2879 263 2934; x_wconf 88' lang='lat' dir='ltr'><strong>Versus</strong></span> <span class='ocrx_word' id='word_1_212' title='bbox 282 2880 370 2933; x_wconf 84' lang='lat' dir='ltr'><strong>exitus</strong></span> <span class='ocrx_word' id='word_1_213' title='bbox 388 2882 479 2948; x_wconf 91' lang='lat' dir='ltr'><strong>potest</strong></span> <span class='ocrx_word' id='word_1_214' title='bbox 496 2879 539 2934; x_wconf 90' lang='lat' dir='ltr'><strong>ita</strong></span> <span class='ocrx_word' id='word_1_215' title='bbox 557 2879 674 2944; x_wconf 85' lang='lat' dir='ltr'><strong>formari,</strong></span> <span class='ocrx_word' id='word_1_216' title='bbox 701 2881 735 2933; x_wconf 90' lang='lat' dir='ltr'><strong>ut</strong></span> <span class='ocrx_word' id='word_1_217' title='bbox 752 2879 866 2934; x_wconf 91' lang='lat' dir='ltr'><strong>ultimus</strong></span> <span class='ocrx_word' id='word_1_218' title='bbox 885 2895 932 2948; x_wconf 91' lang='lat' dir='ltr'><strong>pes</strong></span> <span class='ocrx_word' id='word_1_219' title='bbox 949 2878 1065 2948; x_wconf 91' lang='lat' dir='ltr'><strong>incipiat</strong></span> <span class='ocrx_word' id='word_1_220' title='bbox 1084 2895 1100 2932; x_wconf 95' lang='lat' dir='ltr'><strong>a</strong></span> <span class='ocrx_word' id='word_1_221' title='bbox 1119 2878 1236 2934; x_wconf 89' lang='lat' dir='ltr'><strong>secunda</strong></span> 
     </span>
     <span class='ocr_line' id='line_1_29' title="bbox 168 2968 1236 3038; baseline 0 -16"><span class='ocrx_word' id='word_1_222' title='bbox 168 2969 238 3022; x_wconf 85' lang='lat' dir='ltr'><strong>vocis</strong></span> <span class='ocrx_word' id='word_1_223' title='bbox 255 2969 369 3022; x_wconf 90' lang='lat' dir='ltr'><strong>ultimae</strong></span> <span class='ocrx_word' id='word_1_224' title='bbox 388 2968 500 3038; x_wconf 85' lang='lat' dir='ltr'><strong>syllaba,</strong></span> <span class='ocrx_word' id='word_1_225' title='bbox 519 2985 566 3038; x_wconf 90' lang='lat' dir='ltr'><strong>pes</strong></span> <span class='ocrx_word' id='word_1_226' title='bbox 580 2982 641 3022; x_wconf 88' lang='lat' dir='ltr'><strong>vero</strong></span> <span class='ocrx_word' id='word_1_227' title='bbox 661 2968 773 3038; x_wconf 89' lang='lat' dir='ltr'><strong>quintus</strong></span> <span class='ocrx_word' id='word_1_228' title='bbox 794 2984 810 3021; x_wconf 91' lang='lat' dir='ltr'><strong>a</strong></span> <span class='ocrx_word' id='word_1_229' title='bbox 828 2968 943 3022; x_wconf 89' lang='lat' dir='ltr'><strong>secunda</strong></span> <span class='ocrx_word' id='word_1_230' title='bbox 962 2968 1006 3022; x_wconf 83' lang='lat' dir='ltr'><strong>rel</strong></span> <span class='ocrx_word' id='word_1_231' title='bbox 1024 2985 1040 3021; x_wconf 91' lang='lat' dir='ltr'><strong>a</strong></span> <span class='ocrx_word' id='word_1_232' title='bbox 1060 2969 1146 3022; x_wconf 90' lang='lat' dir='ltr'><strong>tertia</strong></span> <span class='ocrx_word' id='word_1_233' title='bbox 1164 2969 1236 3022; x_wconf 82' lang='lat' dir='ltr'><strong>vocis</strong></span> 
     </span>
     <span class='ocr_line' id='line_1_30' title="bbox 167 3055 746 3127; baseline -0.003 -15"><span class='ocrx_word' id='word_1_234' title='bbox 167 3057 350 3127; x_wconf 89' lang='lat' dir='ltr'><strong>paenultimae</strong></span> <span class='ocrx_word' id='word_1_235' title='bbox 368 3056 481 3126; x_wconf 89' lang='lat' dir='ltr'><strong>syllaba,</strong></span> <span class='ocrx_word' id='word_1_236' title='bbox 500 3060 533 3110; x_wconf 90' lang='grc'><strong>11</strong></span> <span class='ocrx_word' id='word_1_237' title='bbox 551 3057 594 3111; x_wconf 90' lang='lat' dir='ltr'><strong>his</strong></span> <span class='ocrx_word' id='word_1_238' title='bbox 612 3055 746 3111; x_wconf 85' lang='lat' dir='ltr'><strong>versibus:</strong></span> 
     </span>
    </p>

    <p class='ocr_par' dir='ltr' id='par_1_16' title="bbox 168 3147 1016 3220">
     <span class='ocr_line' id='line_1_31' title="bbox 168 3147 1016 3220; baseline 0.002 -22"><span class='ocrx_word' id='word_1_239' title='bbox 168 3147 195 3216; x_wconf 83' lang='grc' dir='ltr'><strong>α)</strong></span> <span class='ocrx_word' id='word_1_240' title='bbox 213 3147 249 3202; x_wconf 87' lang='lat' dir='ltr'><strong>Di</strong></span> <span class='ocrx_word' id='word_1_241' title='bbox 266 3147 359 3220; x_wconf 88' lang='lat' dir='ltr'><strong>patrii,</strong></span> <span class='ocrx_word' id='word_1_242' title='bbox 378 3163 525 3216; x_wconf 91' lang='lat' dir='ltr'><strong>purgamus</strong></span> <span class='ocrx_word' id='word_1_243' title='bbox 543 3163 630 3215; x_wconf 86' lang='lat' dir='ltr'><strong>agros,</strong></span> <span class='ocrx_word' id='word_1_244' title='bbox 652 3154 834 3216; x_wconf 80' lang='lat' dir='ltr'><strong>purgamus</strong></span> <span class='ocrx_word' id='word_1_245' title='bbox 853 3149 1016 3215; x_wconf 88' lang='lat' dir='ltr'><strong>agrestes.</strong></span> 
     </span>
    </p>

    <p class='ocr_par' dir='ltr' id='par_1_17' title="bbox 168 3235 1044 3306">
     <span class='ocr_line' id='line_1_32' title="bbox 168 3235 1044 3306; baseline 0 -16"><span class='ocrx_word' id='word_1_246' title='bbox 168 3237 193 3305; x_wconf 83' lang='grc' dir='ltr'><strong>β)</strong></span> <span class='ocrx_word' id='word_1_247' title='bbox 211 3236 283 3290; x_wconf 91' lang='lat' dir='ltr'><strong>Hinc</strong></span> <span class='ocrx_word' id='word_1_248' title='bbox 302 3236 409 3290; x_wconf 89' lang='lat' dir='ltr'><strong>Titiens</strong></span> <span class='ocrx_word' id='word_1_249' title='bbox 427 3237 597 3306; x_wconf 88' lang='lat' dir='ltr'><strong>Ramnesque</strong></span> <span class='ocrx_word' id='word_1_250' title='bbox 616 3237 669 3290; x_wconf 86' lang='lat' dir='ltr'><strong>viri</strong></span> <span class='ocrx_word' id='word_1_251' title='bbox 686 3235 900 3305; x_wconf 72' lang='lat' dir='ltr'><strong>Lirctresque</strong></span> <span class='ocrx_word' id='word_1_252' title='bbox 920 3235 1044 3290; x_wconf 89' lang='lat' dir='ltr'><strong>coloni.</strong></span> 
     </span>
    </p>

    <p class='ocr_par' dir='ltr' id='par_1_18' title="bbox 167 3324 1024 3395">
     <span class='ocr_line' id='line_1_33' title="bbox 167 3324 1024 3395; baseline -0.001 -16"><span class='ocrx_word' id='word_1_253' title='bbox 167 3326 196 3395; x_wconf 81' lang='lat' dir='ltr'><strong>y)</strong></span> <span class='ocrx_word' id='word_1_254' title='bbox 208 3326 288 3379; x_wconf 88' lang='lat' dir='ltr'><strong>Disco</strong></span> <span class='ocrx_word' id='word_1_255' title='bbox 308 3325 373 3395; x_wconf 92' lang='lat' dir='ltr'><strong>quid</strong></span> <span class='ocrx_word' id='word_1_256' title='bbox 391 3325 527 3394; x_wconf 84' lang='lat' dir='ltr'><strong>Esquilias</strong></span> <span class='ocrx_word' id='word_1_257' title='bbox 546 3327 597 3379; x_wconf 90' lang='lat' dir='ltr'><strong>hac</strong></span> <span class='ocrx_word' id='word_1_258' title='bbox 615 3328 693 3379; x_wconf 88' lang='lat' dir='ltr'><strong>nocte</strong></span> <span class='ocrx_word' id='word_1_259' title='bbox 711 3324 853 3394; x_wconf 78' lang='lat' dir='ltr'><strong>ligarit</strong></span> <span class='ocrx_word' id='word_1_260' title='bbox 871 3341 1024 3394; x_wconf 91' lang='lat' dir='ltr'><strong>aquosas.</strong></span> 
     </span>
    </p>

    <p class='ocr_par' dir='ltr' id='par_1_19' title="bbox 169 3414 908 3484">
     <span class='ocr_line' id='line_1_34' title="bbox 169 3414 908 3484; baseline 0.001 -18"><span class='ocrx_word' id='word_1_261' title='bbox 169 3414 195 3483; x_wconf 79' lang='lat' dir='ltr'><strong>cl)</strong></span> <span class='ocrx_word' id='word_1_262' title='bbox 213 3416 322 3469; x_wconf 88' lang='lat' dir='ltr'><strong>Interea</strong></span> <span class='ocrx_word' id='word_1_263' title='bbox 341 3431 404 3468; x_wconf 85' lang='lat' dir='ltr'><strong>cave</strong></span> <span class='ocrx_word' id='word_1_264' title='bbox 417 3416 454 3468; x_wconf 92' lang='lat' dir='ltr'><strong>sis</strong></span> <span class='ocrx_word' id='word_1_265' title='bbox 472 3431 521 3468; x_wconf 90' lang='lat' dir='ltr'><strong>nos</strong></span> <span class='ocrx_word' id='word_1_266' title='bbox 539 3417 722 3484; x_wconf 78' lang='lat' dir='ltr'><strong>aspernata</strong></span> <span class='ocrx_word' id='word_1_267' title='bbox 741 3414 908 3483; x_wconf 90' lang='lat' dir='ltr'><strong>sepultos;</strong></span> 
     </span>
    </p>

    <p class='ocr_par' dir='ltr' id='par_1_20' title="bbox 166 3502 1242 4470">
     <span class='ocr_line' id='line_1_35' title="bbox 166 3502 1238 3574; baseline 0 -17"><span class='ocrx_word' id='word_1_268' title='bbox 166 3503 240 3558; x_wconf 89' lang='grc'><strong>11161</strong></span> <span class='ocrx_word' id='word_1_269' title='bbox 258 3519 324 3573; x_wconf 89' lang='lat' dir='ltr'><strong>quas</strong></span> <span class='ocrx_word' id='word_1_270' title='bbox 337 3502 443 3568; x_wconf 87' lang='lat' dir='ltr'><strong>formas,</strong></span> <span class='ocrx_word' id='word_1_271' title='bbox 466 3505 588 3574; x_wconf 85' lang='lat' dir='ltr'><strong>quamvis</strong></span> <span class='ocrx_word' id='word_1_272' title='bbox 607 3503 698 3558; x_wconf 91' lang='lat' dir='ltr'><strong>eodem</strong></span> <span class='ocrx_word' id='word_1_273' title='bbox 718 3502 796 3556; x_wconf 91' lang='lat' dir='ltr'><strong>modo</strong></span> <span class='ocrx_word' id='word_1_274' title='bbox 814 3502 971 3556; x_wconf 90' lang='lat' dir='ltr'><strong>coniunctae</strong></span> <span class='ocrx_word' id='word_1_275' title='bbox 984 3505 1139 3571; x_wconf 88' lang='lat' dir='ltr'><strong>appareant,</strong></span> <span class='ocrx_word' id='word_1_276' title='bbox 1151 3503 1238 3572; x_wconf 91' lang='lat' dir='ltr'><strong>prima</strong></span> 
     </span>
     <span class='ocr_line' id='line_1_36' title="bbox 169 3591 1239 3662; baseline -0.001 -15"><span class='ocrx_word' id='word_1_277' title='bbox 169 3609 185 3647; x_wconf 94' lang='lat' dir='ltr'><strong>a</strong></span> <span class='ocrx_word' id='word_1_278' title='bbox 196 3594 284 3662; x_wconf 91' lang='lat' dir='ltr'><strong>poetis</strong></span> <span class='ocrx_word' id='word_1_279' title='bbox 296 3594 393 3647; x_wconf 86' lang='lat' dir='ltr'><strong>ceteris</strong></span> <span class='ocrx_word' id='word_1_280' title='bbox 405 3593 485 3661; x_wconf 90' lang='lat' dir='ltr'><strong>louge</strong></span> <span class='ocrx_word' id='word_1_281' title='bbox 497 3593 656 3662; x_wconf 87' lang='lat' dir='ltr'><strong>praefertur,</strong></span> <span class='ocrx_word' id='word_1_282' title='bbox 669 3593 827 3662; x_wconf 81' lang='lat' dir='ltr'><strong>praesertim</strong></span> <span class='ocrx_word' id='word_1_283' title='bbox 849 3609 931 3662; x_wconf 88' lang='lat' dir='ltr'><strong>quum</strong></span> <span class='ocrx_word' id='word_1_284' title='bbox 943 3592 972 3645; x_wconf 90' lang='lat' dir='ltr'><strong>in</strong></span> <span class='ocrx_word' id='word_1_285' title='bbox 985 3591 1070 3644; x_wconf 81' lang='lat' dir='ltr'><strong>lomna</strong></span> <span class='ocrx_word' id='word_1_286' title='bbox 1082 3591 1168 3646; x_wconf 89' lang='lat' dir='ltr'><strong>tertia</strong></span> <span class='ocrx_word' id='word_1_287' title='bbox 1178 3595 1239 3661; x_wconf 89' lang='lat' dir='ltr'><strong>post</strong></span> 
     </span>
     <span class='ocr_line' id='line_1_37' title="bbox 169 3679 1238 3752; baseline 0 -16"><span class='ocrx_word' id='word_1_288' title='bbox 169 3683 323 3736; x_wconf 91' lang='lat' dir='ltr'><strong>trochaeum</strong></span> <span class='ocrx_word' id='word_1_289' title='bbox 342 3687 468 3752; x_wconf 90' lang='lat' dir='ltr'><strong>quartum</strong></span> <span class='ocrx_word' id='word_1_290' title='bbox 487 3683 599 3748; x_wconf 90' lang='lat' dir='ltr'><strong>incisio,</strong></span> <span class='ocrx_word' id='word_1_291' title='bbox 624 3699 704 3752; x_wconf 91' lang='lat' dir='ltr'><strong>quam</strong></span> <span class='ocrx_word' id='word_1_292' title='bbox 729 3683 814 3736; x_wconf 91' lang='lat' dir='ltr'><strong>etiam</strong></span> <span class='ocrx_word' id='word_1_293' title='bbox 832 3697 969 3736; x_wconf 91' lang='lat' dir='ltr'><strong>caesuram</strong></span> <span class='ocrx_word' id='word_1_294' title='bbox 991 3679 1115 3749; x_wconf 78' lang='lat' dir='ltr'><strong>podicem</strong></span> <span class='ocrx_word' id='word_1_295' title='bbox 1134 3685 1238 3747; x_wconf 74' lang='lat' dir='ltr'><strong>uocant,</strong></span> 
     </span>
     <span class='ocr_line' id='line_1_38' title="bbox 169 3770 1240 3842; baseline -0.001 -17"><span class='ocrx_word' id='word_1_296' title='bbox 169 3772 337 3836; x_wconf 85' lang='lat' dir='ltr'><strong>inveniatur,</strong></span> <span class='ocrx_word' id='word_1_297' title='bbox 357 3772 387 3826; x_wconf 93' lang='lat' dir='ltr'><strong>in</strong></span> <span class='ocrx_word' id='word_1_298' title='bbox 407 3775 504 3842; x_wconf 92' lang='lat' dir='ltr'><strong>quarta</strong></span> <span class='ocrx_word' id='word_1_299' title='bbox 523 3789 585 3827; x_wconf 89' lang='lat' dir='ltr'><strong>vero</strong></span> <span class='ocrx_word' id='word_1_300' title='bbox 598 3771 684 3826; x_wconf 78' lang='lat' dir='ltr'><strong>forma</strong></span> <span class='ocrx_word' id='word_1_301' title='bbox 696 3771 776 3842; x_wconf 91' lang='lat' dir='ltr'><strong>pedes</strong></span> <span class='ocrx_word' id='word_1_302' title='bbox 796 3775 908 3842; x_wconf 87' lang='lat' dir='ltr'><strong>quartus</strong></span> <span class='ocrx_word' id='word_1_303' title='bbox 929 3777 958 3824; x_wconf 89' lang='lat' dir='ltr'><strong>et</strong></span> <span class='ocrx_word' id='word_1_304' title='bbox 976 3770 1240 3840; x_wconf 90' lang='lat' dir='ltr'><strong>quintus·coniuncti</strong></span> 
     </span>
     <span class='ocr_line' id='line_1_39' title="bbox 169 3859 1240 3932; baseline -0.002 -18"><span class='ocrx_word' id='word_1_305' title='bbox 169 3861 232 3916; x_wconf 92' lang='lat' dir='ltr'><strong>sint.</strong></span> <span class='ocrx_word' id='word_1_306' title='bbox 270 3861 380 3927; x_wconf 82' lang='lat' dir='ltr'><strong>Finem,</strong></span> <span class='ocrx_word' id='word_1_307' title='bbox 409 3879 489 3932; x_wconf 92' lang='lat' dir='ltr'><strong>quem</strong></span> <span class='ocrx_word' id='word_1_308' title='bbox 516 3863 602 3931; x_wconf 88' lang='lat' dir='ltr'><strong>primo</strong></span> <span class='ocrx_word' id='word_1_309' title='bbox 630 3862 687 3915; x_wconf 92' lang='lat' dir='ltr'><strong>loco</strong></span> <span class='ocrx_word' id='word_1_310' title='bbox 708 3863 853 3930; x_wconf 90' lang='lat' dir='ltr'><strong>posuimus,</strong></span> <span class='ocrx_word' id='word_1_311' title='bbox 881 3860 1006 3914; x_wconf 82' lang='lat' dir='ltr'><strong>Tibullus</strong></span> <span class='ocrx_word' id='word_1_312' title='bbox 1031 3859 1115 3913; x_wconf 89' lang='lat' dir='ltr'><strong>habet</strong></span> <span class='ocrx_word' id='word_1_313' title='bbox 1139 3861 1240 3914; x_wconf 90' lang='lat' dir='ltr'><strong>centies</strong></span> 
     </span>
     <span class='ocr_line' id='line_1_40' title="bbox 169 3949 1240 4022; baseline -0.006 -14"><span class='ocrx_word' id='word_1_314' title='bbox 169 3953 261 4008; x_wconf 81' lang='lat' dir='ltr'><strong>tricies</strong></span> <span class='ocrx_word' id='word_1_315' title='bbox 280 3953 431 4022; x_wconf 90' lang='lat' dir='ltr'><strong>quinquies,</strong></span> <span class='ocrx_word' id='word_1_316' title='bbox 450 3951 605 4021; x_wconf 87' lang='lat' dir='ltr'><strong>Lygdamus</strong></span> <span class='ocrx_word' id='word_1_317' title='bbox 618 3952 709 4006; x_wconf 90' lang='lat' dir='ltr'><strong>tricies</strong></span> <span class='ocrx_word' id='word_1_318' title='bbox 727 3951 876 4020; x_wconf 90' lang='lat' dir='ltr'><strong>quinquies,</strong></span> <span class='ocrx_word' id='word_1_319' title='bbox 896 3949 1021 4003; x_wconf 88' lang='lat' dir='ltr'><strong>laudator</strong></span> <span class='ocrx_word' id='word_1_320' title='bbox 1038 3949 1179 4002; x_wconf 89' lang='lat' dir='ltr'><strong>Messallae</strong></span> <span class='ocrx_word' id='word_1_321' title='bbox 1191 3965 1240 4002; x_wconf 92' lang='lat' dir='ltr'><strong>un.</strong></span> 
     </span>
     <span class='ocr_line' id='line_1_41' title="bbox 170 4037 1240 4110; baseline -0.004 -16"><span class='ocrx_word' id='word_1_322' title='bbox 170 4039 293 4105; x_wconf 82' lang='lat' dir='ltr'><strong>deuicies,</strong></span> <span class='ocrx_word' id='word_1_323' title='bbox 323 4041 480 4110; x_wconf 87' lang='lat' dir='ltr'><strong>Propertius</strong></span> <span class='ocrx_word' id='word_1_324' title='bbox 499 4042 644 4096; x_wconf 90' lang='lat' dir='ltr'><strong>trecenties</strong></span> <span class='ocrx_word' id='word_1_325' title='bbox 663 4041 782 4108; x_wconf 90' lang='lat' dir='ltr'><strong>octogies</strong></span> <span class='ocrx_word' id='word_1_326' title='bbox 800 4041 857 4104; x_wconf 83' lang='lat' dir='ltr'><strong>bis;</strong></span> <span class='ocrx_word' id='word_1_327' title='bbox 883 4039 964 4093; x_wconf 91' lang='lat' dir='ltr'><strong>finem</strong></span> <span class='ocrx_word' id='word_1_328' title='bbox 983 4037 1127 4092; x_wconf 89' lang='lat' dir='ltr'><strong>secundum</strong></span> <span class='ocrx_word' id='word_1_329' title='bbox 1147 4037 1240 4091; x_wconf 91' lang='lat' dir='ltr'><strong>Tibul·</strong></span> 
     </span>
     <span class='ocr_line' id='line_1_42' title="bbox 169 4127 1241 4201; baseline -0.005 -16"><span class='ocrx_word' id='word_1_330' title='bbox 169 4131 211 4184; x_wconf 93' lang='lat' dir='ltr'><strong>lus</strong></span> <span class='ocrx_word' id='word_1_331' title='bbox 228 4131 319 4200; x_wconf 91' lang='lat' dir='ltr'><strong>posuit</strong></span> <span class='ocrx_word' id='word_1_332' title='bbox 342 4131 502 4201; x_wconf 87' lang='lat' dir='ltr'><strong>quadragies</strong></span> <span class='ocrx_word' id='word_1_333' title='bbox 521 4131 610 4195; x_wconf 87' lang='lat' dir='ltr'><strong>semel,</strong></span> <span class='ocrx_word' id='word_1_334' title='bbox 630 4129 784 4200; x_wconf 86' lang='lat' dir='ltr'><strong>Lygdamus</strong></span> <span class='ocrx_word' id='word_1_335' title='bbox 803 4129 937 4193; x_wconf 92' lang='lat' dir='ltr'><strong>undecies,</strong></span> <span class='ocrx_word' id='word_1_336' title='bbox 955 4128 1080 4183; x_wconf 85' lang='lat' dir='ltr'><strong>laudator</strong></span> <span class='ocrx_word' id='word_1_337' title='bbox 1098 4127 1241 4181; x_wconf 90' lang='lat' dir='ltr'><strong>Messallae</strong></span> 
     </span>
     <span class='ocr_line' id='line_1_43' title="bbox 170 4214 1241 4290; baseline -0.007 -15"><span class='ocrx_word' id='word_1_338' title='bbox 170 4222 262 4286; x_wconf 90' lang='lat' dir='ltr'><strong>octies,</strong></span> <span class='ocrx_word' id='word_1_339' title='bbox 280 4221 437 4290; x_wconf 87' lang='lat' dir='ltr'><strong>Propertius</strong></span> <span class='ocrx_word' id='word_1_340' title='bbox 456 4222 557 4275; x_wconf 85' lang='lat' dir='ltr'><strong>centies</strong></span> <span class='ocrx_word' id='word_1_341' title='bbox 577 4223 685 4290; x_wconf 90' lang='lat' dir='ltr'><strong>quater;</strong></span> <span class='ocrx_word' id='word_1_342' title='bbox 704 4219 786 4272; x_wconf 90' lang='lat' dir='ltr'><strong>finem</strong></span> <span class='ocrx_word' id='word_1_343' title='bbox 804 4220 917 4273; x_wconf 88' lang='lat' dir='ltr'><strong>tertium</strong></span> <span class='ocrx_word' id='word_1_344' title='bbox 935 4217 1088 4272; x_wconf 83' lang='lat' dir='ltr'><strong>invenimus</strong></span> <span class='ocrx_word' id='word_1_345' title='bbox 1106 4214 1177 4286; x_wconf 89' lang='lat' dir='ltr'><strong>apud</strong></span> <span class='ocrx_word' id='word_1_346' title='bbox 1196 4215 1241 4268; x_wconf 92' lang='lat' dir='ltr'><strong>Ti-</strong></span> 
     </span>
     <span class='ocr_line' id='line_1_44' title="bbox 169 4305 1242 4380; baseline -0.006 -16"><span class='ocrx_word' id='word_1_347' title='bbox 169 4309 274 4365; x_wconf 90' lang='lat' dir='ltr'><strong>bullum</strong></span> <span class='ocrx_word' id='word_1_348' title='bbox 293 4313 336 4365; x_wconf 90' lang='lat' dir='ltr'><strong>ter</strong></span> <span class='ocrx_word' id='word_1_349' title='bbox 363 4311 397 4380; x_wconf 86' lang='lat' dir='ltr'><strong>(l,</strong></span> <span class='ocrx_word' id='word_1_350' title='bbox 426 4312 450 4376; x_wconf 83' lang='lat'><strong>9,</strong></span> <span class='ocrx_word' id='word_1_351' title='bbox 479 4312 529 4376; x_wconf 79' lang='lat' dir='ltr'><strong>aa;</strong></span> <span class='ocrx_word' id='word_1_352' title='bbox 554 4309 778 4374; x_wconf 81' lang='lat' dir='ltr'><strong>lv,5,15;13,</strong></span> <span class='ocrx_word' id='word_1_353' title='bbox 805 4309 858 4378; x_wconf 82' lang='lat'><strong>13),</strong></span> <span class='ocrx_word' id='word_1_354' title='bbox 883 4307 954 4378; x_wconf 90' lang='lat' dir='ltr'><strong>apud</strong></span> <span class='ocrx_word' id='word_1_355' title='bbox 972 4307 1142 4376; x_wconf 89' lang='lat' dir='ltr'><strong>Propertium</strong></span> <span class='ocrx_word' id='word_1_356' title='bbox 1160 4305 1242 4358; x_wconf 80' lang='lat' dir='ltr'><strong>vicies</strong></span> 
     </span>
     <span class='ocr_line' id='line_1_45' title="bbox 170 4394 1242 4470; baseline -0.005 -17"><span class='ocrx_word' id='word_1_357' title='bbox 170 4401 277 4470; x_wconf 87' lang='lat' dir='ltr'><strong>septies,</strong></span> <span class='ocrx_word' id='word_1_358' title='bbox 305 4400 387 4455; x_wconf 87' lang='lat' dir='ltr'><strong>finem</strong></span> <span class='ocrx_word' id='word_1_359' title='bbox 406 4404 532 4470; x_wconf 89' lang='lat' dir='ltr'><strong>quartum</strong></span> <span class='ocrx_word' id='word_1_360' title='bbox 550 4398 622 4469; x_wconf 90' lang='lat' dir='ltr'><strong>apud</strong></span> <span class='ocrx_word' id='word_1_361' title='bbox 641 4398 779 4454; x_wconf 88' lang='lat' dir='ltr'><strong>Tibullum</strong></span> <span class='ocrx_word' id='word_1_362' title='bbox 798 4401 827 4453; x_wconf 91' lang='lat' dir='ltr'><strong>et</strong></span> <span class='ocrx_word' id='word_1_363' title='bbox 845 4399 874 4452; x_wconf 91' lang='lat' dir='ltr'><strong>in</strong></span> <span class='ocrx_word' id='word_1_364' title='bbox 892 4396 972 4452; x_wconf 89' lang='lat' dir='ltr'><strong>laude</strong></span> <span class='ocrx_word' id='word_1_365' title='bbox 990 4396 1132 4450; x_wconf 88' lang='lat' dir='ltr'><strong>Messallae</strong></span> <span class='ocrx_word' id='word_1_366' title='bbox 1150 4394 1242 4462; x_wconf 88' lang='lat' dir='ltr'><strong>singn-</strong></span> 
     </span>
    </p>
   </div>
   <div class='ocr_carea' id='block_1_3' title="bbox 0 0 1500 5056">
    <p class='ocr_par' dir='ltr' id='par_1_21' title="bbox 0 0 1500 5056">
     <span class='ocr_line' id='line_1_46' title="bbox 0 0 1500 5056; baseline 0 0"><span class='ocrx_word' id='word_1_367' title='bbox 0 0 1500 5056; x_wconf 95' lang='lat' dir='ltr'><strong> </strong></span> 
     </span>
    </p>
   </div>
  </div>
 </body>
</html>
