2970 5056
547 388 766 458 -η-

66 567 151 632 leber,
170 567 307 637 proprius,
332 563 468 625 recludere
493 564 616 634 excipias.
648 564 745 619 Omnia
763 565 857 619 harum
877 581 970 619 vocum
990 564 1117 634 exempla,
1135 566 1242 634 praeter

66 673 99 712 ea
119 673 188 727 quae
206 657 287 710 metri
300 672 392 709 caussa
405 657 527 722 correpta
545 655 619 722 prius
632 654 811 724 adposuimus,
826 656 928 724 viginti
941 657 1043 723 septem
1057 655 1240 708 inveniuntur.

176 747 202 800 3.
221 745 283 800 Jam
302 744 339 799 ad
354 745 417 798 illas
436 759 512 798 voees
540 745 695 808 transimus,
724 760 791 815 quae
818 760 872 798 una
900 743 1017 798 cumeis
1045 759 1113 812 quae
1132 741 1166 796 ab
1185 741 1242 796 illis

65 834 202 903 originem
215 833 325 898 ducunt,
344 833 413 888 alias
431 834 513 888 aliter
529 833 708 903 proferuntur.
729 833 903 888 Tenebrae
920 833 1096 888 inveniuntur
1113 831 1243 902 producta

65 921 176 992 syllaba
194 923 346 992 quinquies,
365 925 486 993 correpta
504 921 547 976 bis
567 922 648 992 (apud
668 923 827 992 Tibullum),
857 939 933 977 casus
951 922 1055 992 obliqui
1073 922 1145 975 vocis
1164 937 1243 990 ager

65 1015 96 1066 et
116 1013 174 1066 eius
192 1010 316 1065 derivata
334 1011 463 1078 leguntur
482 1011 564 1064 vicies
582 1012 666 1066 semel
684 1011 789 1081 syllaba
802 1013 916 1081 ancipiti
933 1011 1071 1081 producta,
1090 1010 1173 1070 sexies
1186 1026 1242 1064 cor·

64 1103 161 1168 repta;
189 1116 266 1154 casus
293 1099 397 1169 obliqui
425 1100 497 1154 vocis
524 1116 622 1154 sacer
649 1116 708 1154 cum
732 1099 863 1154 derivatis
880 1103 1018 1170 ponuntur
1036 1101 1128 1154 tricies
1147 1101 1243 1169 quater

64 1186 207 1258 producta,
226 1187 313 1242 decies
340 1190 436 1257 quater
462 1191 583 1257 correpta
610 1188 716 1258 syllaba
739 1189 853 1258 ancipiti
860 1210 867 1254 3
895 1189 1017 1244 derivata
1044 1189 1116 1242 vocis
1143 1190 1242 1257 pater

65 1279 166 1348 quater
183 1276 327 1346 producta,
355 1278 452 1346 quater
470 1279 605 1346 correpta,
631 1278 703 1330 vocis
727 1280 872 1348 uterque
895 1281 938 1332 ter
956 1277 1093 1347 producta,
1112 1276 1242 1330 terdecies

65 1367 191 1434 correpta
209 1365 315 1434 syllaba
332 1365 461 1440 leguntur
466 1386 473 1430 ;
493 1365 685 1435 quadrigae
698 1365 875 1420 inveniuntur
887 1365 929 1421 bis
943 1369 1070 1436 correpta,
1089 1366 1171 1420 semel
1183 1381 1242 1435 pro·

65 1454 151 1508 ducta
169 1455 293 1524 ancipiti.

175 1544 201 1598 4.
220 1544 328 1612 Semper
339 1541 482 1612 productas
494 1543 610 1612 legimus
624 1544 728 1598 vocales
741 1545 874 1614 ancipites
887 1546 916 1598 in
929 1545 1038 1599 vocibus
1056 1543 1149 1598 fibra
1168 1542 1241 1612 (ter),

65 1630 212 1687 colubra
232 1632 345 1702 (semel),
364 1631 479 1686 ebrius
498 1633 562 1701 (ter)
581 1632 666 1686 libri
686 1634 801 1700 (sexies),
820 1633 993 1702 lugubris,
1012 1633 1176 1697 scabrum,
1195 1649 1242 1686 sa·

64 1721 172 1785 labra,
191 1721 359 1790 probrum,
383 1720 525 1785 librare,
546 1717 767 1790 quadratum,
787 1723 937 1791 migrare
956 1722 1083 1791 (singulis
1108 1721 1193 1790 locis),
1212 1721 1242 1774 in

65 1809 175 1864 casibus
188 1809 305 1878 obliquis
319 1825 413 1863 vocum
424 1807 526 1862 ruber
544 1809 671 1878 (quater),
690 1810 789 1878 piger
802 1810 874 1880 (bis),
894 1814 993 1880 puter
1006 1810 1127 1879 (sexies);
1146 1807 1242 1862 deinde

65 1901 98 1953 in
111 1899 323 1968 peregrinus,
336 1913 453 1960 mucro,
473 1897 608 1965 apricus
622 1897 750 1966 (singulis
763 1899 848 1966 locis),
868 1901 977 1968 tigris
996 1899 1069 1968 (bis),
1088 1898 1241 1966 flagrare

65 1989 196 2058 (quater),
215 1988 343 2042 lucrum
363 1987 489 2058 (quater),
514 2002 629 2040 macra
649 1987 753 2055 (semel)
778 2005 881 2058 supra
900 2004 960 2042 cnm
978 1987 1108 2042 derivatis
1127 1986 1241 2054 (octies),
1324 2024 1330 2038 .

65 2081 225 2145 stuprum
245 2076 317 2146 (ter),
344 2077 476 2131 latrare
497 2075 570 2145 (bis),
590 2075 717 2128 vitrum
736 2075 849 2146 (semel),
869 2076 984 2146 denique
1002 2077 1032 2132 in
1050 2074 1155 2131 casibus
1173 2073 1241 2130 obli-

65 2166 131 2236 quis
148 2165 220 2218 rocis
238 2180 315 2218 acer
334 2164 415 2233 (bis).

176 2254 201 2308 5.
220 2254 303 2307 Voces
331 2253 414 2308 semel
441 2255 551 2307 tantum
579 2252 650 2322 apud
676 2256 769 2323 poetas
797 2257 826 2308 et
854 2253 963 2324 quidem
989 2255 1109 2324 correpta
1136 2251 1242 2322 syllaba

65 2343 185 2412 ancipiti
212 2345 331 2413 repertas
349 2341 399 2396 bas
425 2342 571 2412 proferam:
599 2343 740 2412 triplex,
768 2344 944 2408 meretrix,
973 2342 1137 2406 latebrae,
1166 2357 1241 2412 qua·

65 2433 201 2501 drupes.

175 2522 200 2576 6.
220 2521 253 2575 In
272 2519 373 2575 dnobus
392 2520 527 2576 uocabulis
546 2520 651 2591 syllaba
670 2537 766 2592 anceps
784 2522 900 2592 singulis
919 2521 984 2577 locis
1002 2538 1018 2575 a
1036 2519 1176 2592 Propertio
1194 2534 1241 2588 pro

64 2611 144 2665 brevi
161 2610 286 2680 positast,
304 2608 351 2664 ubi
370 2611 453 2665 ceteri
472 2610 548 2664 illam
565 2610 757 2680 produxerunt,
777 2628 844 2682 quae
863 2614 928 2666 sunt
945 2611 1086 2675 labrum,
1105 2609 1211 2677 nigri.

176 2701 200 2754 7.
218 2697 258 2752 Ut
276 2699 331 2752 iam
349 2697 425 2752 brevi
452 2699 540 2753 indice
568 2699 830 2768 comprehendamus,
858 2700 988 2770 quomodo
1015 2700 1118 2770 singuli
1146 2701 1241 2768 poetae

65 2787 205 2843 vocalibus
224 2787 389 2857 ancipitibus
416 2789 459 2843 usi
477 2789 542 2854 sint,
570 2790 676 2843 omissis
695 2789 819 2855 vocibus,
839 2805 905 2860 quas
923 2807 950 2844 n.
970 2793 984 2844 1
1004 2789 1156 2852 attulimus,
1175 2787 1242 2843 haec

68 2875 191 2933 notanda
209 2877 281 2930 duxi.

133 2967 155 3021 1.
177 2965 300 3020 Tibullus
318 2967 409 3035 posuit
428 2967 533 3020 vocales
551 2967 685 3036 ancipites
710 2970 790 3023 utens
808 2969 868 3022 illis
883 2984 931 3038 pro
949 2967 1087 3038 productis
1104 2971 1168 3022 ante
1186 2984 1242 3023 me·

176 3054 249 3109 diam
268 3071 327 3108 cum
346 3054 450 3124 liquida
474 3056 556 3109 vicies
574 3056 666 3120 semel,
691 3059 755 3111 ante
774 3060 883 3112 tenuem
901 3075 961 3111 cum
979 3057 1084 3127 liquida
1102 3054 1242 3127 undecies3

174 3143 330 3214 Lygdamus
349 3147 413 3198 ante
437 3144 554 3199 mediam
581 3161 640 3198 curn
663 3145 767 3216 liquida
785 3149 882 3211 octies,
911 3151 975 3202 ante
1001 3151 1110 3202 tenuem
1129 3162 1189 3199 cum
1207 3146 1241 3200 li·

176 3232 257 3303 quida
277 3237 384 3302 quaten
410 3232 534 3287 laudator
560 3233 701 3290 Messallae
720 3238 784 3290 ante
808 3237 925 3290 mediam
944 3252 1002 3290 cum
1028 3234 1132 3306 liquida
1151 3235 1242 3300 semel,

175 3325 239 3376 ante
258 3325 366 3376 tenuem
386 3339 445 3376 cum
465 3321 569 3392 liquida
587 3321 630 3378 bis
635 3343 643 3387 ;
666 3324 823 3393 Propertius
841 3328 906 3380 ante
924 3324 1039 3379 mediam
1059 3341 1119 3378 cum
1137 3323 1242 3394 liquida

175 3412 355 3481 quinquagies
374 3414 424 3476 ter,
443 3413 507 3465 ante
527 3413 637 3465 tenuem
654 3428 713 3467 curn
733 3411 837 3482 liquida
856 3415 978 3481 sexagies
996 3413 1085 3467 semel.

122 3501 159 3555 Π.
178 3501 230 3554 Ριο
248 3501 324 3554 brevi
343 3499 511 3555 admiserunt
530 3499 663 3570 syllabam
682 3503 827 3571 ancipitem
847 3506 910 3556 ante
928 3500 1046 3556 mediam
1064 3518 1123 3556 cum
1137 3501 1241 3571 liquida

177 3590 300 3644 Tibullus
313 3589 400 3644 decies
414 3593 463 3652 ter,
483 3589 637 3659 Lygdamus
656 3593 761 3660 quater,
781 3592 906 3646 laudator
917 3591 1065 3652 vMessallae
1083 3590 1133 3654 bis,
1152 3591 1241 3660 Sulpi·

174 3679 216 3732 cia
234 3679 324 3741 semel,
343 3679 501 3747 Propertius
519 3679 625 3743 novies;
645 3682 708 3734 ante
727 3684 835 3734 tenuem
854 3697 913 3734 cum
931 3678 1035 3749 liquida
1053 3678 1177 3732 Tibullus
1196 3677 1241 3733 de·

174 3769 228 3822 cies
247 3771 349 3838 quater,
369 3767 525 3836 Lygdamus
543 3768 651 3832 nullibi,
669 3768 795 3823 laudator
807 3769 948 3823 Messallae
962 3771 1066 3838 quater,
1085 3767 1241 3836 Propertius

175 3857 266 3912 tricies
285 3858 435 3927 quinquies.
472 3856 524 3912 Sed
542 3858 571 3910 in
590 3857 716 3912 breuibus
735 3874 801 3928 quas
828 3857 983 3912 enumerari
1011 3855 1119 3910 vocibus
1137 3856 1241 3912 multae

175 3946 360 4010 inveniuntur,
389 3962 455 4016 quas
482 3946 667 4000 iamn.21n
685 3945 803 4000 medium
825 3946 994 4014 protulimus.
1022 3945 1052 3998 Si
1070 3960 1131 3999 vero
1150 3961 1240 4000 omnes

174 4034 223 4090 has
251 4036 411 4100 omittimus,
439 4037 472 4090 ut
499 4036 590 4089 omnia
618 4051 782 4104 componam,
810 4034 948 4089 vocalibus
975 4033 1140 4105 ancipitibus
1148 4034 1169 4104 ¹)
1193 4051 1240 4105 pro

175 4267 196 4316 1)
210 4266 345 4319 Quamquam
360 4267 429 4312 eliam
441 4267 529 4309 vocales
543 4267 566 4308 tn
580 4267 670 4309 vocibus
685 4267 726 4309 snb
740 4279 762 4310 n.
776 4271 789 4309 2
803 4267 939 4310 enumeratis
960 4265 1070 4318 ancipites
1084 4266 1143 4314 sunt
1165 4267 1240 4308 tamen

67 4351 109 4382 usn
123 4339 237 4390 poetarum
249 4351 289 4391 pro
308 4339 412 4382 brevibus
435 4341 524 4382 tanturn
538 4339 707 4390 adhibebantur,
728 4339 762 4381 ita
781 4341 808 4384 ut
828 4351 854 4386 ex
875 4339 957 4384 effectu
975 4338 1042 4382 huius
1056 4350 1111 4382 usus
1125 4349 1152 4381 ex
1165 4337 1241 4388 ordine

67 4409 177 4454 vocalium
191 4410 313 4463 moipitnn
327 4410 415 4454 excludi
429 4411 522 4474 possint.
