2970 5056
721 381 942 445 ...12-

352 551 479 608 brevibus
511 553 554 608 usi
585 557 649 608 sunt
681 553 804 609 Tibullus
836 555 931 618 vicies,
970 553 1126 624 Lygdamus
1164 557 1261 622 semel,
1295 557 1430 611 laudator

355 643 495 698 Messallae
513 644 564 708 bis,
583 644 739 713 Propertius
757 645 840 698 uicies
858 646 966 713 septies.

407 732 563 802 Lygdamus
581 735 684 801 igitur,
708 737 741 787 ut
758 734 904 802 Sulpiciam
930 734 1069 797 omittam,
1094 735 1191 788 ceteris
1218 736 1378 788 accuratior
1402 741 1430 790 et

354 822 455 875 firmior
472 821 555 876 fnisse
574 822 695 886 videtum
714 839 801 892 aque
819 824 928 892 propius
946 822 1031 884 abest,
1050 823 1074 876 si
1093 823 1180 890 operis
1199 823 1325 876 volumen
1341 825 1428 893 inspi-

354 911 451 974 cimus,
475 911 631 980 Propertius
638 932 645 974 ;
670 913 731 979 post
750 929 815 980 quos
833 910 957 964 laudator
976 911 1131 976 Messallae,
1157 910 1272 982 denique
1292 929 1362 966 uero
1383 913 1427 966 Ti-

354 998 445 1054 bullus
463 999 640 1054 nominaudus
658 999 829 1070 relinquitur.

619 1305 759 1409 Caput
788 1307 1045 1391 secundum.

519 1491 570 1548 De
593 1490 796 1547 elisionibus
820 1505 883 1547 seu
912 1491 1146 1559 synaloephis.

794 1661 823 1746 a.
858 1665 886 1726 1.

573 1821 618 1900 Ile
636 1838 775 1876 numero
793 1823 1089 1892 synaloepharum.

358 1982 435 2038 Inter
452 1984 547 2052 poetas
560 1981 680 2044 Latinos,
701 1983 747 2051 qui
760 1985 792 2036 ut
805 1983 944 2050 elegantes
957 1982 1099 2052 facilesque
1112 2000 1204 2038 versus
1215 1983 1424 2047 conscriberent,

248 2088 351 2126 summo
369 2088 446 2140 opere
470 2071 584 2124 nimium
612 2072 834 2140 synaloepharum
853 2088 992 2126 numerum
1016 2073 1119 2126 evitare
1142 2073 1317 2136 studuerunt,
1347 2091 1424 2143 prae-

248 2161 341 2216 sertim
361 2160 417 2224 illi,
442 2161 488 2229 qui
507 2159 541 2213 ad
560 2159 748 2214 delectandum
766 2162 856 2230 potius
880 2177 959 2230 quam
979 2160 1011 2214 ad
1031 2161 1200 2215 inridendum
1220 2162 1262 2214 vei
1280 2162 1423 2230 flagellan-

248 2247 311 2303 dum
331 2250 449 2304 carmina
468 2253 681 2318 composuerunt,
708 2252 764 2303 tam
789 2250 817 2303 in
836 2250 940 2303 melicis
959 2267 1037 2319 quam
1062 2253 1091 2304 iu
1110 2251 1238 2319 elegiacis
1256 2253 1423 2306 carminibus

248 2338 289 2392 ita
309 2339 410 2393 versati
428 2341 500 2402 sunt,
520 2341 551 2392 ut
570 2355 621 2408 quo
640 2339 763 2392 limatius
782 2355 872 2392 versus
891 2342 1085 2408 componerent,
1114 2356 1143 2394 eo
1163 2341 1313 2394 accuratius
1343 2340 1423 2394 duras

249 2427 406 2498 praesertim
425 2427 601 2497 synaloephas
629 2427 790 2482 devitarent.
829 2426 881 2480 Sed
900 2429 963 2497 quia
986 2427 1096 2495 linguae
1119 2428 1233 2482 Latinae
1252 2433 1352 2483 natura
1369 2433 1420 2492 est,

249 2519 281 2571 ut
299 2532 352 2570 nou
370 2516 456 2570 selum
475 2516 574 2580 hiatus,
595 2517 641 2586 qui
655 2519 777 2580 vocatur,
798 2515 943 2570 evitandus
962 2517 1007 2577 sit,
1028 2514 1171 2570 sedetiam
1190 2518 1343 2572 coniunctio
1362 2535 1421 2572 ver·

249 2604 342 2660 borum
361 2607 389 2659 ct
408 2606 604 2660 sententiarum
623 2605 722 2676 ubique
745 2608 808 2659 ante
832 2607 920 2658 oculos
938 2607 1067 2674 ponatur,
1087 2606 1144 2658 fieri
1164 2622 1216 2658 uon
1235 2609 1332 2674 petest,
1353 2608 1420 2676 quin

250 2692 386 2749 interdum
414 2695 457 2748 vel
485 2695 513 2748 in
541 2696 651 2765 optimis
679 2695 857 2762 elegiacorum
884 2697 1024 2763 poetarum
1052 2694 1214 2748 carminibus
1242 2695 1420 2764 synaloephas

249 2783 351 2854 positas
370 2784 545 2838 inveniamus.
583 2783 635 2838 Sed
654 2787 686 2838 ut
709 2785 764 2836 iam
784 2782 818 2836 ad
842 2782 925 2836 libros
953 2782 985 2836 de
1009 2783 1105 2853 quibus
1124 2788 1237 2837 sermost
1256 2783 1341 2848 nobis,
1361 2783 1419 2838 des-

250 2870 400 2938 cendamus,
419 2873 490 2927 inter
509 2873 677 2941 Propertium
702 2871 861 2940 praesertim
886 2875 915 2925 et
941 2871 1078 2925 Tibullum
1106 2871 1212 2925 diversa
1237 2873 1306 2926 ratio
1326 2873 1354 2926 in
1373 2873 1419 2926 ad·

249 2958 375 3016 bibendis
393 2961 563 3030 synaloephis
588 2960 705 3014 inveniri
728 2959 850 3024 videtur;
877 2961 982 3029 saepius
1010 2963 1082 3015 euim
1108 2964 1137 3015 ct
1155 2960 1247 3016 durius
1266 2961 1336 3030 apud
1355 2961 1418 3016 Pro-

249 3049 366 3122 pertium
386 3065 461 3104 voces
480 3065 526 3118 per
550 3049 740 3118 synaloepham
760 3049 960 3116 coniunguntur
979 3067 1057 3119 quarn
1078 3048 1147 3119 apud
1167 3049 1312 3104 Tibullum.
1349 3051 1418 3104 Nam

249 3142 282 3196 ut
300 3140 355 3194 iarn
374 3139 493 3208 exempla
512 3138 763 3208 promamoptirna
782 3137 884 3192 Tibulli
903 3138 1004 3206 elegia,
1028 3140 1056 3192 in
1076 3156 1128 3208 qua
1146 3139 1249 3192 nullam
1268 3139 1418 3193 invenimus

250 3227 448 3300 synaloepham,
467 3227 613 3296 comparari
633 3226 739 3302 quidem
758 3229 849 3296 petest
862 3243 920 3280 curn
938 3226 1078 3281 undecima
1097 3228 1160 3282 libri
1179 3229 1259 3296 primi
1286 3227 1417 3296 Properti,

250 3318 279 3374 lu
298 3333 350 3386 qun
368 3332 422 3373 una
441 3319 548 3371 tanturn
568 3317 699 3385 reperitur
717 3315 894 3385 synaloepha;
920 3315 966 3370 sed
988 3317 1017 3369 in
1036 3318 1132 3370 ceteris
1151 3317 1246 3385 elegiis
1264 3317 1418 3386 Propertius

250 3407 375 3462 maiorem
396 3422 534 3460 numerum
553 3406 657 3474 posuit,
686 3406 727 3458 ita
746 3409 779 3459 ut
802 3404 953 3458 mirandum
972 3421 1024 3458 nen
1043 3407 1094 3469 sit,
1120 3405 1258 3458 Tibullum
1276 3406 1416 3458 maximnm

250 3495 471 3566 synaloepharum
490 3510 644 3557 numerum,
669 3509 748 3562 quem
772 3494 878 3547 ratione
904 3510 1026 3548 versuum
1052 3495 1080 3548 in
1108 3494 1196 3562 elegia
1215 3493 1317 3548 decima
1336 3495 1417 3548 tertia
1470 3553 1471 3568 χ

250 3583 313 3639 libri
327 3584 418 3654 quarti
432 3584 583 3637 invenimus
598 3613 630 3622 -
644 3598 705 3635 narn
719 3598 766 3651 pro
781 3583 861 3636 trinis
875 3581 994 3636 versibus
1007 3583 1130 3651 singulae
1150 3583 1327 3652 synaloephae
1345 3599 1416 3653 repe-

250 3673 357 3729 ciuntur
372 3703 404 3710 -
423 3671 451 3726 in
466 3672 521 3726 illis
534 3688 601 3741 quae
615 3673 720 3725 restant
733 3672 842 3736 vitasse,
862 3671 1030 3741 Propertium
1045 3687 1105 3725 vero
1118 3672 1224 3750 saepius
1238 3671 1287 3738 (sic
1305 3672 1354 3732 ΙΙΙ,
1375 3674 1416 3742 19)

249 3777 296 3833 pro
315 3761 387 3816 binis
405 3759 527 3816 versibus
551 3760 672 3828 singulas
697 3760 873 3828 synaloephas
897 3762 1025 3830 posuisse,
1048 3761 1078 3814 in
1101 3777 1155 3814 una
1182 3761 1270 3829 elegia
1297 3761 1354 3828 (IV,
1373 3762 1415 3829 21)

250 3866 280 3906 eo
298 3850 462 3920 precessisse,
482 3850 559 3904 utin
580 3849 716 3917 tringinta
735 3848 855 3902 uersibus
874 3850 1049 3919 synaloephas
1068 3849 1171 3918 viginti
1190 3853 1218 3904 et
1237 3867 1317 3903 unam
1335 3849 1415 3904 admi-

251 3941 324 4000 serit.
363 3939 461 3994 Melius
489 3941 579 3994 tamen
609 3937 738 4008 quomode
762 3940 856 4006 poetae
875 3937 948 3992 inter
966 3955 992 3992 se
1011 3939 1119 3992 sanent
1137 3955 1151 3992 e
1170 3955 1278 3993 numero
1297 3954 1415 3992 uersuum

250 4027 316 4084 duas
335 4023 389 4084 tres
409 4029 537 4098 quattuor
555 4027 732 4097 synaloephas
745 4027 942 4081 continentium
957 4027 1071 4081 iudicari
1089 4030 1186 4096 potest.
1206 4028 1330 4082 Tibullus
1348 4029 1414 4081 enim

250 4119 278 4174 in
297 4116 401 4174 nullum
421 4132 524 4170 versum
552 4116 640 4186 plures
669 4131 746 4186 quarn
772 4114 838 4168 duas
860 4117 1037 4185 synaloephas
1056 4115 1175 4178 admisit,
1203 4132 1269 4185 quas
1291 4117 1320 4169 in
1338 4117 1414 4170 versi-

251 4206 299 4264 bus
327 4204 454 4262 tredecim
483 4205 510 4260 in
537 4205 602 4274 ipsis
622 4204 724 4259 Tibulli
752 4204 922 4268 carminibus,
951 4204 1021 4274 apud
1049 4203 1218 4275 Lygdamum
1245 4203 1275 4258 in
1302 4205 1413 4258 versibus

250 4296 361 4362 duobus,
379 4296 408 4350 in
427 4293 505 4352 laude
524 4293 665 4349 Messallae
684 4297 734 4358 ter,
754 4293 799 4348 sed
813 4293 884 4363 apud
897 4293 1067 4362 Propertium
1080 4293 1108 4346 in
1131 4291 1252 4346 versibus
1270 4293 1413 4360 nonaginta

251 4385 352 4444 duobus
370 4385 424 4458 (rel
443 4384 542 4458 tribus)
570 4383 728 4440 invenimus.
766 4383 828 4440 Jam
846 4385 954 4453 praeter
972 4380 1034 4436 illes
1053 4397 1144 4436 uersus
1162 4380 1234 4451 apud
1251 4381 1412 4451 Propertium
