2970 5056
528 379 769 448 ·-25-

341 646 377 716 0.
407 646 459 716 lle
481 647 631 715 elisione
653 646 786 714 vocalis
809 664 829 714 e
852 647 978 716 inest.

173 773 346 843 Quamquam
364 789 416 827 rex
434 774 488 827 est
507 771 589 826 etiam
608 773 638 826 in
660 773 780 842 prosaica
799 771 920 826 oratione
938 771 979 826 ita
997 786 1057 824 enm
1075 765 1245 840 praecedenti
1275 751 1281 761 ⁸

51 859 201 917 uocabulo
220 863 335 927 coaluit,
360 865 391 916 ut
409 877 464 915 una
480 863 592 916 tantum
619 878 669 916 vox
693 861 764 916 effici
787 860 937 926 videretur,
962 862 1054 915 tamen
1081 859 1246 914 exstiterunt

52 951 177 1018 regulae
199 950 341 1021 quaedam,
369 966 436 1020 quae
454 951 510 1006 nisi
531 953 672 1020 poetarum
689 949 802 1004 licentia
820 950 917 1002 violari
934 965 988 1002 non
1005 951 1160 1018 potuerunt,
1180 963 1245 1018 qua-

52 1057 118 1094 rum
139 1041 245 1110 prima,
264 1056 318 1111 qua
336 1039 472 1105 definitur,
492 1056 580 1094 vocem
600 1043 650 1094 est
668 1041 778 1094 tantum
797 1038 826 1092 iu
843 1038 917 1103 locis,
936 1037 983 1092 ubi
1003 1037 1112 1107 copulae
1125 1037 1168 1091 vel
1186 1053 1245 1091 ver·

54 1129 132 1183 balis
153 1129 249 1184 locum
267 1132 353 1194 tenet,
381 1129 463 1200 priori
488 1129 616 1184 vocabulo
641 1127 749 1184 adnecti
766 1143 857 1196 posse,
881 1126 1024 1182 secundam
1043 1125 1077 1181 ad
1101 1143 1129 1181 ee
1147 1126 1243 1190 trahit,

55 1235 112 1288 qua
132 1235 290 1283 monemur,
309 1217 378 1272 hanc
396 1234 486 1272 vocem
514 1221 625 1273 tantum
652 1233 712 1271 cum
737 1216 793 1272 illis
819 1215 912 1270 formis
937 1216 966 1270 in
984 1217 1104 1286 prosaica
1122 1215 1244 1270 oratione

57 1309 198 1376 coniungi
218 1324 302 1378 posse,
321 1306 357 1362 ad
369 1323 436 1377 quas
448 1310 546 1362 natura
564 1307 623 1376 ipsa
640 1307 785 1375 pertineat.
804 1305 884 1360 Tales
902 1321 964 1358 vero
976 1303 1077 1359 formae
1095 1307 1160 1359 sunt
1177 1304 1245 1358 fines

58 1411 107 1466 us,
128 1411 162 1467 a,
184 1411 247 1466 um,
267 1412 281 1450 c
300 1395 397 1466 quibus
410 1399 502 1450 tamen
523 1395 617 1465 prima,
637 1409 797 1464 quamquam
810 1393 881 1464 apud
898 1395 1041 1464 scriptores
1059 1395 1186 1464 antiquos
1204 1391 1244 1448 ia·

58 1483 194 1540 bularum
213 1485 362 1549 invenitur,
388 1487 483 1555 postea
501 1483 636 1538 obliuione
655 1499 701 1537 seu
719 1481 808 1537 studio
827 1483 950 1537 limatius
968 1481 1102 1537 scribendi
1120 1483 1244 1551 neglecta

60 1576 90 1628 et
108 1575 219 1629 reiecta
238 1591 294 1628 esse
312 1572 428 1628 videtur.
461 1573 573 1628 Praeter
591 1571 640 1626 has
657 1570 764 1636 formas,
794 1571 951 1642 quibuscum
975 1571 1040 1626 solis
1067 1571 1137 1641 apud
1156 1574 1244 1626 orate·

61 1678 106 1716 res
124 1679 182 1716 vox
201 1665 255 1717 est
273 1661 402 1730 coniungi
419 1664 524 1732 potest,
550 1659 621 1730 apud
645 1663 739 1730 poetas
763 1660 820 1714 illis
838 1660 948 1715 uocibus
966 1659 1109 1726 adhaeret,
1129 1676 1197 1732 quae
1215 1661 1244 1714 in

62 1751 147 1805 arel
167 1765 204 1807 aa
227 1751 370 1816 desinunt,
395 1751 492 1822 quibus
515 1753 624 1821 propter
647 1747 856 1804 similitudinem
882 1747 1017 1819 quandam
1041 1765 1101 1803 eum
1123 1750 1176 1805 fine
1193 1765 1244 1803 um

64 1841 155 1895 etiarn
184 1841 248 1896 finis
275 1855 324 1895 arn
351 1839 521 1896 adnumerari
548 1841 646 1910 potest.
678 1839 760 1893 Fines
785 1854 847 1893 vero
874 1854 969 1894 vocum
992 1839 1022 1892 in
1046 1837 1069 1909 i,
1088 1853 1117 1910 o,
1135 1853 1156 1894 ιι
1175 1835 1244 1892 desi·

64 1931 194 1984 nentium
214 1947 274 1984 eum
292 1945 356 1984 uoce
374 1932 426 1985 est
444 1930 622 1984 coalescentes
641 1929 714 1984 inter
731 1927 835 1998 pejores
848 1927 947 1982 formas
959 1926 1052 1982 referri
1065 1927 1172 1982 debent.
1192 1927 1244 1983 Ta·

64 2034 129 2072 men
149 2035 198 2090 pro
216 2023 317 2074 natura
333 2019 413 2074 huius
432 2020 505 2074 vocis
527 2018 578 2074 hae
596 2019 797 2074 coniunctiones
815 2035 862 2087 pro
880 2034 1038 2088 unoquoque
1056 2018 1149 2072 ordine
1166 2033 1244 2086 saepe

66 2105 208 2174 leguntur.
226 2109 266 2162 sic
284 2107 463 2178 quinquagies
488 2107 630 2178 quinquies
648 2106 720 2176 apud
744 2106 891 2171 Tibullum,
910 2107 981 2177 apud
999 2107 1168 2178 Lygdamum
1185 2121 1245 2176 sep·

67 2195 130 2260 ties,
151 2197 295 2268 quinquies
314 2197 344 2250 in
368 2196 447 2252 laude
469 2196 626 2261 Messallae,
649 2195 692 2251 bis
715 2195 786 2266 apud
805 2196 959 2266 Sulpiciam,
985 2196 1055 2266 apud
1074 2196 1244 2266 Propertium

69 2286 174 2340 centies
191 2286 285 2340 tricies
303 2285 393 2340 semel.
430 2285 492 2340 Jam
511 2286 636 2355 singulos
654 2284 761 2340 ordines
779 2302 827 2356 pro
845 2286 960 2354 singulis
978 2285 1063 2356 poetis
1081 2301 1140 2339 curn
1159 2300 1244 2338 exem-

68 2373 123 2442 plis
143 2391 212 2445 quae
230 2375 322 2430 ademi
339 2377 452 2445 pessunt
470 2376 534 2429 ante
552 2375 642 2429 oculos
660 2375 811 2444 legentium
830 2390 966 2445 ponemus.
997 2374 1118 2439 Formae,
1136 2374 1166 2428 in
1185 2373 1245 2444 qui·

70 2460 122 2516 bus
149 2467 203 2518 est
229 2464 259 2518 in
286 2463 386 2518 ultima
407 2464 573 2534 pentametri
597 2465 652 2519 arsi
676 2480 736 2518 eum
759 2463 930 2534 praecedenti
953 2479 1015 2518 voce
1038 2463 1245 2528 coniunctumst,

72 2566 119 2619 per
136 2553 248 2622 signnm
266 2553 305 2623 (†)
323 2555 435 2608 notatae
453 2554 593 2623 apparent.

116 2711 144 2781 a)
162 2712 216 2768 nst
233 2713 458 2767 coniunctum
480 2727 553 2767 cum
571 2711 693 2768 formis
711 2713 746 2768 in
765 2727 784 2768 a
802 2713 856 2767 vel
874 2727 925 2768 um
943 2711 1196 2768 desinentibus.

179 2835 305 2892 Tibullus
323 2836 373 2892 has
390 2836 502 2908 praebet
519 2837 632 2894 formas:

547 2946 575 3012 α)
603 2945 642 3000 in
669 2945 767 3000 arsi:

75 3045 236 3112 Quantumst
472 3051 495 3116 Ι,
533 3053 557 3116 1,
577 3052 619 3107 51.
692 3052 841 3108 Primumst
1080 3052 1119 3118 II,
1156 3054 1181 3118 1,
1200 3052 1242 3108 53.

74 3136 188 3202 imiimi
532 3141 557 3206 2,
594 3140 619 3196 5.
692 3140 855 3196 admiratast
1155 3143 1181 3206 3,
1200 3141 1243 3196 24.

75 3223 250 3281 audendumst
534 3231 560 3294 2,
579 3231 621 3284 16.
693 3231 769 3284 tuast
1154 3230 1180 3296 3,
1199 3231 1242 3285 27.

75 3314 220 3380 pollicitast
534 3319 560 3384 2,
577 3319 622 3372 42.
694 3320 782 3372 meast
1154 3321 1181 3384 3,
1200 3319 1252 3374 77.-

75 3403 179 3466 †riast
196 3403 259 3474 (alt
278 3403 349 3472 uiae)
536 3407 562 3471 3,
581 3407 624 3462 50.
695 3405 795 3462 iestast
1155 3407 1181 3474 5,
1199 3407 1243 3463 36.

76 3491 207 3555 †con1ast
531 3496 558 3560 4,
594 3497 620 3550 4
693 3495 752 3566 (ubi
770 3512 787 3551 a
804 3496 914 3564 longum
933 3495 1103 3564 notandum).

76 3582 207 3636 aetemast
473 3585 496 3649 Ι,
531 3585 559 3650 4,
578 3586 621 3640 37.
694 3587 815 3639 sanctast
1080 3585 1119 3650 H,
1156 3587 1181 3651 6,
1200 3587 1242 3642 31.

77 3672 230 3738 purpureast
531 3675 557 3738 4,
577 3675 620 3730 63.
692 3673 824 3742 †tubast
1155 3677 1180 3739 6,
1200 3676 1243 3730 10.

76 3761 146 3813 suast
534 3762 560 3827 4,
580 3763 622 3817 77.
695 3762 806 3830 dignast
1155 3765 1181 3829 6,
1198 3763 1243 3818 43.

77 3845 178 3912 plenast
533 3850 559 3915 5,
578 3851 620 3907 68.
693 3854 710 3919 †
728 3850 827 3906 bonast
1155 3853 1180 3917 6,
1197 3852 1241 3907 44

77 3937 202 3990 mecnmst
533 3939 559 4002 6,
595 3940 621 3994 3.
692 3939 839 4010 Sulpiciast
1069 3941 1119 4007 IV,
1155 3942 1181 4006 2,
1218 3943 1243 3996 1.

71 4027 162 4078 maaet
531 4028 557 4092 8,
575 4027 619 4082 45.
692 4027 804 4097 dignast
1155 4031 1180 4095 2,
1199 4030 1241 4085 15.

77 4113 221 4182 oppositast
472 4116 496 4182 I,
533 4117 559 4182 8,
578 4117 621 4172 76.
693 4119 770 4170 tnast
1154 4119 1242 4184 417.

78 4205 212 4272 aequumst
532 4207 557 4272 9,
594 4207 619 4262 5.
690 4207 813 4260 iunctast
1138 4209 1181 4272 13,
1216 4209 1243 4262 2.

78 4289 179 4356 triast
517 4295 559 4360 10,
595 4294 621 4349 4.
694 4294 837 4351 formosast
1138 4296 1181 4360 13,
1216 4296 1244 4350 4.

78 4378 198 4436 vitiumst
518 4383 560 4450 10,
598 4384 622 4439 l.
694 4383 827 4441 invidiast
1138 4384 1181 4450 13,
1218 4385 1243 4440 l.
