2970 5056
709 387 930 453 „42-

399 561 528 618 Ouiveam
547 578 614 633 quae
633 563 661 617 te
679 563 700 632 fl
718 563 820 632 poterit
837 562 907 616 mibi
925 561 1034 616 reddere
1053 562 1154 617 lucem!

399 654 493 720 Longa
511 651 568 706 diss
586 651 690 706 homini
707 653 729 720 sl
747 649 839 706 docuit
856 667 949 720 parere
967 652 1065 706 leones.

398 741 450 796 Ille
468 757 540 794 meos
557 757 702 810 numquam
720 739 741 807 ll
758 742 864 809 patitur
882 741 1047 810 requiescere
1064 743 1162 810 postes.

398 830 436 885 Et
453 830 524 884 mala
542 831 618 900 siqua
637 829 690 883 tibi
707 829 729 896 ll
747 828 817 882 dixit
835 829 971 882 dementia
989 831 1089 883 nostra.

399 918 516 984 Quarum
535 918 609 972 nulla
628 920 689 972 tuos
706 917 728 984 sl
745 919 837 987 potuit
856 921 1009 972 convortere
1027 933 1121 972 mores.

398 1007 471 1072 Quin
490 1008 574 1062 etiam
593 1005 667 1061 sedes
685 1009 705 1076 ll
723 1007 817 1061 iubeat
836 1007 859 1060 si
878 1006 991 1061 vendere
1011 1007 1116 1071 avitas3

345 1111 457 1166 quorum
485 1096 595 1150 ultimos
623 1112 652 1149 eo
680 1097 790 1150 consilio
819 1095 1002 1165 adposuimus,
1031 1099 1063 1150 ut
1099 1111 1306 1165 nonnumquam
1338 1094 1424 1147 etiam

346 1185 408 1238 aliis
426 1184 559 1238 adhibitis
577 1183 673 1240 mediis
691 1189 784 1255 poetas
802 1186 924 1254 regulam
943 1187 1062 1240 firmasse
1080 1189 1304 1239 monstraremus.

284 1276 311 1344 β)
348 1273 377 1327 Si
396 1273 463 1328 duae
483 1291 559 1328 voces
578 1276 695 1328 interae
714 1275 886 1328 cohaerentes
905 1273 939 1328 ab
958 1275 1011 1328 arsi
1030 1275 1114 1328 tertia
1126 1275 1261 1344 incipiant
1274 1273 1425 1328 desinant·

346 1380 396 1433 qne
415 1364 444 1416 in
463 1364 517 1416 arsi
536 1366 641 1433 quarta,
661 1367 690 1418 et

280 1451 310 1520 γ)
346 1453 370 1505 si
389 1467 438 1504 vor
457 1452 486 1505 in
510 1453 564 1506 arsi
588 1455 687 1522 quarta
712 1451 837 1506 desinens
862 1469 921 1506 curn
945 1453 1029 1521 priori
1054 1451 1183 1519 coniungi
1210 1449 1329 1514 debeat,
1357 1464 1426 1519 quas

345 1542 374 1595 iu
393 1540 533 1595 accusandi
552 1557 614 1594 casu
633 1543 735 1610 positas
759 1541 884 1609 legimus,
903 1541 1053 1595 subiectum
1073 1556 1134 1594 vero
1153 1540 1197 1594 vel
1214 1540 1303 1594 forma
1325 1538 1424 1592 verba·

347 1630 382 1684 lis
400 1634 537 1700 sequatur,
556 1631 654 1684 iterum
674 1630 912 1700 bephihemimeris
929 1629 1089 1698 ponendast,
1108 1629 1201 1682 uthis
1220 1627 1363 1682 versibus:

398 1707 469 1785 Quis
488 1717 615 1775 credam?
634 1735 728 1787 nempe
746 1719 812 1772 baec
830 1719 923 1773 eadem
941 1720 963 1786 ll
981 1735 1009 1773 se
1028 1717 1098 1772 dixit
1116 1732 1225 1771 amores.

399 1807 450 1861 Ille
469 1823 556 1861 sacras
574 1808 650 1876 pueri
669 1811 754 1861 sortes
772 1809 793 1876 (l
811 1811 854 1862 ter
872 1808 985 1862 sustulit
1005 1807 1055 1861 illi.

399 1895 437 1950 Et
455 1895 637 1966 quodcumque
655 1897 723 1950 mibi
742 1895 840 1951 donum
857 1898 879 1966 fs
897 1913 981 1950 novus
1000 1895 1097 1950 educat
1115 1911 1209 1949 annus.

284 1983 312 2052 d)
347 1984 469 2054 Denique
487 1988 603 2054 ponatur
627 1985 874 2054 bephtbomimeris,
900 1987 922 2038 si
942 1985 1085 2053 genetivus
1102 1975 1163 2038 ¹cum
1182 1983 1359 2037 nominativo
1379 1981 1422 2035 uel

346 2088 406 2126 cum
430 2075 581 2127 accusativo
608 2076 764 2129 coniunctus
783 2075 940 2129 inveniatur
958 2075 987 2128 in
1006 2073 1112 2128 ultimis
1130 2074 1227 2143 prioris
1247 2071 1357 2127 ordinis
1376 2085 1421 2140 pe·

348 2160 434 2226 dibus,
453 2168 486 2217 ut
505 2163 548 2216 his
567 2163 701 2218 versibus:

399 2251 460 2306 Non
479 2268 528 2320 ego
548 2251 661 2306 divitias
679 2255 788 2322 patrum
806 2253 827 2320 si
845 2252 1000 2322 insutusque
1018 2253 1132 2322 requiro.

398 2339 454 2395 Nec
472 2341 525 2395 tibi
543 2357 709 2409 gemmarum
728 2341 859 2412 quidquid
877 2345 899 2411 ss
916 2341 1042 2396 felicibus
1060 2340 1143 2396 Indis.

399 2429 481 2484 Parit
500 2433 528 2483 et
549 2429 656 2484 Admeti
675 2434 767 2485 tauros
785 2433 807 2500 ss
824 2431 953 2485 formosus
970 2429 1093 2500 Appollo.

347 2517 449 2584 Quibus
467 2519 570 2588 regulis
588 2520 717 2588 expositis
737 2522 790 2575 iam
810 2520 901 2575 videre
918 2536 1072 2589 possumus,
1092 2517 1238 2590 quomodo
1257 2520 1366 2588 poetae,
1386 2513 1418 2568 de

348 2606 446 2679 quibus
465 2610 620 2674 tractamus,
640 2625 762 2664 caesuras
779 2610 925 2680 posuerint.

787 2754 814 2837 §-
841 2755 870 2819 2.

484 2878 529 2931 De
548 2878 704 2946 singulis
724 2878 881 2932 caesuris
904 2876 1178 2947 semiquinariis.

348 2984 508 3054 Priusquam
527 2983 588 3038 illas
607 3000 730 3039 caesuras
749 2984 973 3048 enumerabimus,
1000 3001 1065 3054 quas
1083 2985 1191 3053 propter
1209 2983 1318 3051 regulas
1337 2978 1417 3036 modo

241 3073 375 3142 expositas
394 3073 422 3127 in
442 3073 537 3140 elegiis
556 3074 680 3142 legimns,
700 3073 761 3127 illas
774 3075 828 3127 iam
847 3074 1017 3142 proferemus,
1037 3089 1102 3142 quas
1115 3073 1278 3127 necessitate
1291 3085 1416 3126 versuum

241 3162 343 3232 positas
362 3163 537 3230 agnoscimus.
575 3162 633 3216 Hae
652 3179 714 3217 vero
735 3165 801 3216 suut
820 3162 935 3232 triplicis
954 3163 1078 3230 generis;
1106 3160 1186 3216 debet
1214 3161 1285 3215 enim
1306 3173 1417 3215 caesura

241 3251 433 3322 semiquinaria
451 3251 562 3306 admitti
580 3253 688 3322 propter
707 3267 783 3306 voces
801 3251 944 3320 longiores,
964 3251 1213 3320 semiseptenariam
1231 3265 1284 3304 non
1303 3248 1417 3318 permit·

241 3343 340 3406 tentas,
360 3344 392 3396 ut
411 3341 459 3396 hoc
479 3357 570 3396 versu:

348 3429 418 3497 Quid
436 3447 478 3485 mo
497 3427 631 3485 scribendi
653 3429 665 3501 ll
687 3431 744 3484 tam
763 3432 870 3484 vastum
889 3429 979 3484 mittis
998 3429 1027 3483 in
1046 3445 1158 3498 aequor;

240 3519 284 3573 vel
302 3523 410 3589 propter
428 3517 674 3588 interpunctionem
693 3521 754 3587 post
772 3520 885 3572 tertiam
904 3517 986 3572 araim
1005 3519 1136 3587 positam:

347 3609 438 3677 Digna
457 3607 565 3678 quidem
584 3606 676 3671 facies,
695 3623 742 3675 pro
763 3623 814 3676 qua
833 3608 877 3662 vel
895 3607 984 3661 obiret
1006 3605 1125 3660 Achilles
1132 3627 1139 3670 ;

242 3697 285 3752 vel
298 3696 413 3768 donique
427 3699 535 3766 propter
554 3709 660 3750 caussas
679 3693 753 3759 duas,
773 3711 839 3765 quas
858 3696 974 3765 exposui,
994 3697 1149 3750 coniunctas
1168 3697 1200 3749 ut
1218 3693 1269 3749 hoc
1288 3711 1382 3750 versa:

348 3786 386 3840 At
404 3801 518 3854 magnus
537 3784 642 3840 Caesar.
680 3783 733 3838 Sed
750 3800 865 3852 magnus
884 3783 982 3840 Caesar
1000 3786 1029 3838 iu
1048 3783 1138 3838 armis.

347 3875 446 3930 Versus
456 3875 550 3944 igitur,
570 3873 666 3943 quibus
685 3887 795 3927 caesura
814 3875 963 3927 necessaria
982 3871 1174 3942 semiquinaria
1187 3871 1268 3936 inest,
1287 3870 1416 3942 permulti

242 3961 432 4028 inventurum
462 3965 526 4018 sunt
554 3963 626 4016 euim
645 3961 715 4032 apud
734 3961 904 4032 Propertium
930 3963 1063 4030 nongenti
1086 3978 1163 4027 unus,
1189 3960 1259 4031 apud
1278 3960 1417 4016 Tibullum

241 4051 351 4107 ducenti
375 4052 493 4120 triginta
521 4054 657 4122 quattuor,
677 4050 748 4122 apud
767 4049 937 4121 Lygdamum
963 4052 1105 4120 sexaginta
1124 4049 1184 4114 duo,
1212 4047 1328 4104 totidem
1348 4048 1415 4119 apud

241 4140 409 4198 laudatorem
429 4140 580 4195 Messallae.

348 4231 372 4286 2.
410 4229 508 4284 Versus
527 4245 589 4284 voro
608 4231 714 4284 schema
732 4229 848 4299 primurn
868 4241 1037 4282 caesurarum
1061 4227 1241 4292 continentes,

348 4320 467 4390 Cynthia
486 4320 571 4389 prima
590 4317 645 4372 suis
664 4317 676 4390 ll
695 4320 821 4372 misorum
840 4331 882 4372 me
901 4317 974 4387 oepit
993 4317 1094 4381 ocellis,

242 4409 372 4480 leguntur
392 4407 464 4482 apud
488 4405 658 4480 Propertium
681 4407 798 4462 trecenti
820 4409 961 4477 octoginta
989 4405 1059 4474 duo,
1087 4403 1157 4476 apud
1180 4404 1318 4461 Tibullum
1335 4405 1415 4462 unde·
