2970 5056
539 361 762 425 ..43-

64 535 242 602 septuaginta,
263 535 338 604 apud
349 536 519 605 Lygdamum
532 535 729 605 septemdecim,
748 536 777 589 in
789 534 869 589 laude
881 535 1023 590 Messallae
1036 535 1237 606 quinquaginta

64 624 182 689 quattuor
187 645 196 687 ;
223 625 329 694 quibus
346 625 519 680 adnumerari
536 628 648 694 possunt
666 627 769 694 septem
789 625 926 694 Properti,
952 624 1003 679 duo
1022 624 1126 680 Tibulli
1144 641 1236 682 versus

62 709 103 762 hoc
114 712 221 766 schema
240 731 310 782 prae
329 731 357 768 se
375 712 508 768 ferentes:

158 801 351 872 Tarpeiusque
369 807 448 872 pater
465 802 479 874 11
498 802 572 856 nuda
589 802 622 856 de
640 819 705 872 rupe
724 801 852 867 tonabat3

12 926 14 937 .
60 889 84 939 et
102 887 204 942 Tibulli
224 891 250 955 I,
271 893 300 955 4,
318 893 369 946 37:
387 892 457 946 Solis
475 895 613 946 aeternast
631 890 644 962 Η
662 891 770 945 Phoebo
789 891 944 960 Bacchoque
962 889 1082 946 iuventa.

9 948 15 1075 J
156 978 319 1034 Secundum
345 981 416 1034 hauc
442 981 564 1048 regulam
590 997 680 1034 versus
704 981 831 1034 nonnulli
859 980 988 1050 (quinque
1006 980 1139 1050 Properti,
1166 997 1236 1037 unus

9 1078 15 1125 l
59 1062 199 1132 Lygdami)
220 1067 338 1122 formati
357 1071 430 1133 suut,
449 1085 612 1139 quamquam
630 1069 722 1137 paullo
743 1069 798 1122 alio
816 1067 909 1122 modo:

7 1128 17 1225 l
122 1151 223 1208 Omnia
243 1156 392 1210 formosam
410 1155 423 1227 ῙΙ
441 1161 551 1226 propter
567 1157 691 1211 Briseida
712 1174 813 1226 passus.
906 1156 985 1227 Prop.
1004 1158 1041 1223 ΙΙ,
1078 1158 1103 1223 8,
1122 1158 1165 1214 35.

121 1241 226 1298 Evolat
246 1245 303 1298 heu
321 1249 413 1300 nostro
432 1245 446 1316 ΙΙ
465 1247 591 1316 quoniam
609 1245 642 1300 de
660 1249 766 1315 pectore
784 1263 923 1316 nusquam.
987 1246 1040 1311 ΙΙΙ,
1077 1248 1103 1312 3,
1123 1247 1164 1302 15.

121 1329 206 1386 Desit
225 1333 370 1388 odoriferis
388 1333 403 1406 Η
421 1334 485 1389 ordo
503 1336 572 1389 mihi
590 1335 720 1400 lancibus,
743 1335 842 1389 adsint
988 1335 1040 1399 ΙΠ,
1077 1336 1102 1402 5,
1141 1336 1165 1392 l.

121 1417 196 1483 Quid
215 1421 269 1475 iles
287 1422 405 1478 abducta
423 1421 437 1495 ss
454 1426 565 1493 grauius
583 1425 705 1479 Briseide
726 1425 790 1494 quid
807 1425 863 1479 fles.
986 1424 1039 1490 ΙΙΙ,
1059 1426 1163 1490 13,1.

122 1506 198 1562 Haec
217 1514 367 1580 postquam
385 1514 497 1583 querula
517 1512 530 1584 ll
548 1529 651 1567 mecum
669 1513 719 1568 snb
741 1513 791 1566 lite
809 1513 924 1582 peregit.
1008 1514 1040 1578 V,
1079 1515 1103 1582 7,
1122 1513 1164 1570 35.

123 1594 268 1653 Convenit
286 1601 374 1654 iratus
393 1599 405 1671 [Ι
423 1602 539 1654 nimium
556 1601 724 1670 nimiumque
742 1617 858 1656 severus.
877 1599 964 1671 Lygd.
1078 1603 1104 1669 6,
1123 1604 1165 1658 21.

159 1687 185 1740 3.
207 1687 354 1742 Schemate
372 1689 423 1742 hoc
442 1705 520 1744 uersu
538 1706 678 1758 expresso:

160 1773 259 1830 Flebis
277 1794 332 1831 uon
351 1781 400 1831 tua
418 1781 483 1832 sunt
502 1777 516 1848 ΙΙ
535 1777 601 1832 duro
619 1777 772 1847 praecordia
791 1777 876 1842 ferro;

6 1899 7 1902 ¹
62 1857 214 1928 Propertius
234 1883 298 1920 usus
314 1869 357 1920 est
375 1868 477 1920 centies
495 1868 650 1936 septuagies
669 1870 720 1933 ter,
739 1866 862 1920 Tibullus
876 1866 1062 1936 quinquagies,
1081 1867 1237 1938 Lygdamus

63 1948 138 2003 vicies
149 1954 203 2016 ter,
223 1954 351 2010 laudatar
362 1954 504 2009 Messallae
523 1955 610 2009 decies
628 1956 736 2019 novies;
756 1955 852 2025 quibus
866 1955 986 2010 versibus
999 1954 1112 2026 adiungi
1125 1959 1238 2026 possunt

63 2033 160 2093 Tibulli
178 2044 246 2108 tres,
265 2044 391 2113 Properti
409 2044 533 2122 sedecim,
551 2043 687 2114 Lygdami
705 2044 765 2109 duo,
784 2043 934 2098 laudatoris
952 2044 1094 2100 Messallae
1113 2047 1169 2101 tres
1188 2045 1237 2101 hoc

66 2125 136 2180 modo
154 2129 284 2187 formati:

162 2219 235 2275 Cum
252 2222 306 2276 tibi
324 2223 483 2291 praesertim
501 2221 514 2293 ll
533 2222 656 2277 Phoebus
674 2238 722 2276 sua
741 2222 860 2278 carmina
878 2219 969 2276 donet.

165 2310 195 2364 4.
233 2309 276 2363 Ad
294 2311 414 2364 schema:

163 2396 207 2452 At
226 2415 280 2463 voa,
299 2401 347 2468 qui
365 2415 423 2453 sero
442 2397 455 2470 ll
474 2399 579 2468 lapsum
598 2400 731 2453 revocatis
749 2399 844 2464 amici;

67 2481 153 2539 referri
183 2492 298 2558 pessunt
325 2505 416 2543 versus
442 2490 585 2562 sexaginta
611 2505 656 2543 sex
682 2489 821 2557 Properti,
849 2487 952 2542 Tibulli
980 2487 1082 2557 viginti
1110 2487 1236 2558 quinque,

67 2567 195 2640 Lygdami
215 2581 244 2630 ct
261 2577 410 2632 laudatoris
428 2577 570 2632 Messallae
589 2579 701 2647 septeni.
725 2578 837 2631 Praeter
855 2577 904 2630 hos
922 2577 1008 2632 etiam
1021 2575 1081 2632 Tib.
1099 2575 1123 2642 1,
1141 2577 1167 2642 3,
1187 2575 1237 2633 blr

165 2665 250 2720 Parce
268 2669 347 2735 pater
365 2666 492 2720 timidum
511 2665 523 2738 ll
541 2683 595 2720 nou
613 2683 655 2720 me
673 2666 791 2737 periuria
812 2667 917 2720 terrent
923 2686 931 2731 ς

68 2745 123 2804 huic
140 2755 274 2809 schemati
293 2758 365 2809 recte
384 2755 505 2810 adtribui
523 2755 639 2810 ridetur.

167 2845 194 2898 5.
231 2845 378 2898 Rarissime
397 2846 532 2899 schemate
551 2845 615 2898 hoc:

166 2932 225 2986 Nee
242 2933 394 3002 Phrygium
412 2933 481 2987 falso
500 2932 513 3005 ll
533 2935 619 2987 traxit
637 2931 751 2987 candore
770 2933 912 2998 maritnm;

68 3022 156 3083 metae
174 3023 218 3076 usi
231 3025 310 3086 suut;
329 3023 481 3076 invenimus
500 3024 572 3076 euim
591 3025 699 3078 tantum
713 3022 855 3092 quinquies
869 3019 939 3090 apud
957 3020 1136 3090 Propertium,
1155 3019 1238 3075 semel

6 3175 7 3196 Χ
69 3108 131 3174 apud
150 3111 299 3173 Tibullum,
319 3113 362 3166 cui
380 3111 524 3166 secuudum
542 3111 625 3166 addas
645 3127 750 3165 versum
769 3111 791 3176 l,
810 3113 836 3174 3,
857 3111 905 3165 75:

169 3200 364 3270 Porrectusque
382 3215 478 3254 norem
497 3198 509 3272 ll
529 3200 624 3269 Tityos
642 3215 689 3268 per
707 3200 801 3267 iugera
820 3201 917 3253 terrae.

169 3291 194 3344 6.
231 3289 332 3344 Versus
354 3289 545 3358 semiquinaria
571 3288 689 3357 praediti
716 3287 861 3342 secundum
888 3286 1011 3356 regulam
1034 3286 1114 3342 huius
1133 3302 1237 3342 versus:

6 3334 7 3425 l
170 3377 257 3443 Quare
277 3377 341 3447 quid
359 3378 445 3447 possit
463 3375 476 3448 ll
495 3393 554 3430 mea
573 3376 700 3446 Cynthia,
720 3375 811 3430 desine
831 3374 908 3430 Galle
914 3396 922 3440 ;

7 3452 8 3455 ¹
69 3460 238 3520 inveniuntur
251 3467 322 3536 apud
334 3467 504 3536 Propertium
516 3467 619 3536 viginti
632 3469 768 3536 quattuor,
779 3465 850 3534 apud
861 3464 999 3520 Tibullum
1012 3463 1236 3536 quattuordecim,

5 3504 7 3614 Ι
69 3555 132 3620 apud
144 3555 316 3626 Lygdamum
329 3560 357 3610 et
369 3557 399 3609 in
416 3555 495 3610 laude
507 3556 649 3610 Messallae
663 3556 804 3626 quaterni,
823 3557 963 3625 praeterea
976 3554 1101 3624 Properti
1114 3554 1136 3618 I,
1150 3555 1174 3620 9,
1189 3554 1236 3610 ib:

7 3640 8 3643 ’
171 3645 246 3711 Quod
264 3646 288 3699 si
306 3661 359 3699 non
378 3649 450 3700 esset
467 3644 481 3718 ll
499 3646 588 3700 facilis
606 3645 660 3700 tibi
678 3646 761 3714 copia,
780 3662 851 3700 nunc
869 3648 915 3710 tu;
943 3644 996 3700 huc
1013 3643 1168 3700 referendus
1186 3647 1236 3702 est.

173 3735 196 3789 i.
233 3734 366 3802 Regulam
384 3734 434 3788 hoc
452 3751 530 3790 versu
549 3751 712 3804 expressam:

169 3823 224 3877 Nec
242 3823 297 3876 tibi
315 3823 445 3879 nobilitas
464 3823 476 3898 ll
495 3826 598 3894 poterit
616 3841 752 3880 succurere
770 3824 889 3889 amanti;

69 3907 219 3982 Propertius
232 3907 340 3966 secutus
358 3917 400 3968 cst
418 3916 537 3983 sexagies
550 3915 657 3983 septies,
680 3912 805 3969 Tibullus
817 3914 899 3968 vicies
913 3913 1063 3984 quinquies,
1082 3910 1237 3983 Lygdamus

69 4001 93 4052 ct
109 4000 235 4056 laudator
253 4000 395 4056 Messallae
414 4005 485 4058 senis
504 4003 632 4058 versibus.

5 4080 10 4275 q
171 4090 195 4143 8.
232 4089 374 4144 Schemate
393 4093 532 4162 sequenti:

168 4195 210 4248 Mi
228 4212 314 4265 neque
333 4213 422 4252 amare
441 4199 524 4252 aliam
543 4196 556 4270 ll
575 4213 662 4268 neque
680 4197 715 4252 ab
734 4197 784 4250 hac
802 4195 931 4251 desistere
949 4195 991 4252 fas
1009 4199 1051 4252 est
1061 4217 1068 4262 ;

70 4279 220 4425 {repastina
238 4302 301 4339 usus
323 4288 365 4340 est
386 4286 473 4342 decies
494 4288 586 4352 octies,
609 4286 732 4341 Tibullus
751 4285 801 4350 bis,
826 4285 981 4359 Lygdamus
1004 4285 1095 4350 semel,
1113 4280 1238 4346 laudator

94 4372 206 4428 essallae
219 4375 268 4428 ter.
