2970 5056
529 413 751 478 „59-

163 591 187 644 1.
207 589 289 643 Fines
307 587 431 643 ordinum
448 589 620 644 metricorum
638 604 686 659 per
703 585 785 644 uerba
803 592 920 644 metrum
933 589 1111 661 exsequentia
1129 589 1227 645 forma·

62 681 153 743 torum,
172 681 203 732 ut
222 679 265 732 his
285 677 419 733 versibus:

105 769 131 834 a)
163 767 247 822 Ebria
265 785 324 822 cum
342 767 449 821 multo
467 749 601 822 traher⁹em
620 768 739 836 vestigia
757 767 872 823 Baccho.

105 855 132 924 b)
165 857 203 910 Et
231 857 355 926 quamuis
383 857 519 926 duplici
547 861 696 926 correptum
722 855 816 911 ardore
841 857 979 921 iuberent;

61 945 206 999 invenimus
233 963 281 1015 pro
298 947 384 1015 primo
402 962 464 1000 casu
482 945 553 1014 apud
573 947 743 1015 Propertium
768 946 988 1016 quadringenties
1009 945 1128 1015 octogies
1150 947 1227 1016 quin-

62 1035 142 1103 quies,
160 1035 230 1103 apud
249 1035 386 1090 Tibullum
405 1035 507 1090 centies
530 1036 612 1090 vicies
636 1039 739 1105 quater,
763 1035 834 1104 apud
859 1035 1028 1104 Lygdamum
1053 1036 1145 1090 tricies
1170 1051 1227 1104 sep-

61 1125 121 1187 ties,
138 1125 166 1177 in
183 1113 266 1178 laude
281 1125 421 1178 Messallae
441 1125 619 1195 quinquagies
637 1126 732 1189 semel,
751 1141 798 1193 pro
817 1123 929 1178 seeundo
949 1139 1011 1178 casu
1029 1123 1099 1193 apud
1116 1125 1228 1193 Proper·

63 1213 129 1265 tium
146 1213 284 1267 ducenties
311 1215 440 1282 nonagies
457 1213 512 1277 bis,
540 1213 610 1282 apud
638 1213 776 1266 Tibullum
794 1213 926 1280 nonagies
944 1215 1047 1282 quater,
1066 1211 1137 1282 apud
1155 1212 1228 1282 Lyg-

62 1299 164 1354 damum
182 1302 265 1356 uicies
282 1302 375 1366 sexies,
394 1302 423 1355 in
442 1301 521 1355 laude
538 1302 680 1356 Messallae
699 1301 782 1354 vicies
800 1299 850 1354 his.

163 1392 187 1445 2.
208 1391 343 1458 Longiora
362 1390 443 1445 verba
463 1393 491 1444 et
509 1390 595 1460 primo
612 1391 760 1454 molossica,
779 1393 812 1444 ut
830 1390 879 1444 hoc
899 1406 990 1444 versu:

6 1511 7 1554 l
162 1479 256 1544 Qualis
275 1479 405 1533 Thesea
423 1479 510 1533 iacuit
527 1479 638 1534 cedente
657 1479 763 1548 carina3

6 1561 7 1578 ¹
61 1567 211 1636 Propertius
228 1569 319 1637 posuit
336 1569 481 1622 trecenties
499 1568 618 1636 octogies
636 1568 725 1631 semel,
754 1567 878 1621 Tibullus
903 1568 1042 1636 nonagies,
1070 1567 1225 1638 Lygdamus

63 1657 139 1710 uicies
163 1660 217 1722 ter,
250 1656 374 1711 laudator
397 1656 539 1712 Messallae
566 1656 738 1727 quadragies3
773 1655 869 1712 deinde
901 1655 1093 1720 choriambico,
1121 1658 1153 1711 ut
1179 1655 1228 1712 hcc

63 1761 148 1801 uersu:

162 1836 218 1890 Nec
235 1835 325 1890 minus
342 1835 499 1890 adsiduis
517 1835 618 1890 Edonis
635 1835 706 1890 fessa
724 1835 838 1900 choreis;

62 1925 212 1994 Propertius
224 1925 352 1979 adhibuit
364 1925 466 1980 centies
478 1925 632 1993 septuagies
644 1925 694 1989 bis,
715 1924 838 1978 Tibullus
850 1923 942 1978 tricies
954 1924 1107 1994 quinquies,
1121 1923 1229 1994 Lygda-

63 2031 118 2068 mus
144 2014 230 2070 decies
259 2016 359 2079 sexies,
387 2014 512 2068 laudator
537 2013 678 2069 Messallae
707 2015 806 2079 sexies;
835 2013 916 2068 rerba
943 2012 1085 2084 epitritum
1113 2013 1229 2084 primum

63 2103 212 2169 efficientia,
231 2108 264 2158 ut
282 2106 332 2158 hoc
350 2121 441 2159 versu:

163 2194 230 2248 inde
249 2195 435 2249 citonatus
453 2193 501 2248 ubi
519 2197 580 2248 ture
597 2193 717 2264 piaveris
735 2209 809 2259 aras3

63 2282 213 2351 Propertius
231 2284 336 2347 tricies,
356 2284 479 2338 Tibullus
498 2285 594 2348 octies,
623 2283 779 2353 Lygdamus
797 2283 847 2348 bis,
866 2283 992 2337 Mudator
1010 2283 1152 2337 Messallae
1170 2294 1229 2352 sep-

64 2371 113 2425 ties
131 2371 310 2437 admiserunt;
331 2371 445 2442 denique
463 2372 544 2426 uerba
562 2371 716 2442 dispondes,
734 2376 767 2427 ut
785 2373 835 2426 hoo
854 2386 947 2427 uersu:

167 2461 219 2515 Hic
237 2462 425 2516 Tiburtina
444 2461 516 2516 iacet
534 2478 613 2516 aurea
633 2462 753 2531 Cynthia
771 2466 858 2527 terra;

65 2548 216 2618 Propertius
234 2551 325 2620 posuit
343 2551 494 2621 quinquies,
514 2551 638 2605 Tibullus
655 2551 707 2615 his,
734 2551 889 2620 Lygdamus
908 2551 998 2610 semel,
1018 2549 1143 2605 laudator
1160 2547 1230 2604 Mes·

65 2639 145 2692 sallae
162 2641 276 2708 septies,
296 2639 393 2709 quihus
411 2640 580 2694 adnumerari
598 2639 680 2694 dehet
697 2641 819 2710 Properti
839 2639 861 2704 1,
882 2641 923 2704 18,
943 2641 991 2694 31:
1095 2691 1098 2698 ,
1166 2644 1171 2655 “

168 2727 220 2782 Sed
239 2729 529 2799 qualiscumque's
547 2732 674 2784 resonent
690 2731 759 2782 mihi
777 2729 896 2799 Cynthia
915 2729 1007 2782 silvae.

167 2817 313 2886 Longiores
331 2833 407 2872 uoces
432 2819 555 2873 Tibullus
573 2822 602 2873 et
627 2818 784 2891 Lygdamus
802 2819 958 2882 reiecerunt,
977 2816 1102 2872 laudator
1119 2816 1231 2872 Messal-

66 2905 104 2960 lae
122 2906 248 2961 adhibuit
266 2907 316 2960 hoo
334 2923 425 2961 uersu:
480 2977 486 2984 ι

168 2995 233 3061 Quis
251 2994 504 3065 Amythaonius
523 2999 640 3066 nequeat
659 3000 761 3052 certare
780 2997 937 3066 Melampus.
1170 2995 1231 3065 lati,

66 3082 216 3152 Propertius
234 3086 264 3138 in
282 3084 436 3138 nominibus
453 3086 568 3155 propriis
586 3086 685 3140 decies:

103 3171 133 3240 α)
170 3172 500 3242 comparassemus
520 3173 586 3245 quid
604 3191 671 3244 opus
689 3176 818 3230 cauisse
837 3161 942 3245 pasuri.
1051 3174 1089 3238 11,
1125 3175 1150 3239 c,
1187 3173 1230 3229 25.

168 3262 229 3316 Non
247 3265 291 3316 tot
308 3261 555 3318 Achaemeniis
573 3267 713 3319 armantur
731 3265 798 3319 Susa
817 3263 937 3332 sagittis.
1037 3263 1089 3327 ΠΙ,
1125 3263 1151 3328 4,
1206 3265 1230 3318 1.

167 3349 229 3406 Jam
246 3351 301 3404 tibi
320 3351 466 3405 Iasonia
484 3355 577 3406 notast
595 3353 690 3406 Medea
708 3355 806 3407 carina.
1033 3351 1087 3414 ΠΙ,
1107 3354 1150 3417 19,
1186 3352 1232 3410 29.

168 3439 224 3494 Hoc
242 3443 271 3494 et
289 3440 562 3510 Hamadryadum
580 3443 714 3510 spectavit
732 3441 813 3496 turbs
831 3455 958 3495 sororum.
1036 3440 1089 3504 III,
1108 3441 1151 3504 30,
1188 3441 1231 3496 37.

169 3527 260 3594 Qualis
279 3528 520 3584 Amazonidum
538 3530 649 3584 nudatis
667 3530 765 3584 bellica
782 3529 913 3586 mammis.
1038 3528 1087 3593 lv,
1107 3531 1148 3594 13,
1187 3530 1231 3584 13.

169 3617 263 3670 Victor
282 3616 428 3681 Oiliade,
446 3634 510 3686 rape
529 3635 600 3672 nunc
618 3622 647 3672 et
665 3618 749 3687 dilige
769 3623 868 3673 uatem.
1056 3617 1089 3682 V,
1127 3619 1232 3682 1,117.

103 3708 146 3775 β)’
168 3705 230 3759 Jam
248 3705 463 3760 Pandioniae
482 3708 563 3762 cessit
582 3723 667 3776 genus
686 3708 837 3777 Orithyiae.
1066 3705 1089 3770 1,
1107 3708 1151 3771 20,
1187 3707 1231 3761 31.

95 3797 127 3865 y)
163 3795 234 3849 Sunt
251 3794 538 3863 Agamemnonias
557 3797 692 3852 testantia
710 3799 806 3851 littora
824 3811 907 3851 curas.
1042 3796 1090 3860 IV,
1127 3797 1151 3859 6,
1189 3796 1232 3850 21.

168 3883 244 3938 Idem
262 3883 552 3952 Agamemnoniae
570 3886 670 3940 ferrum
688 3887 789 3942 ceruice
807 3887 919 3956 puellae.
1056 3885 1089 3950 V,
1126 3886 1151 3948 1,
1172 3885 1232 3938 111.

95 3974 126 4044 d)
162 3973 498 4042 Amphitryoniades
516 3989 569 4045 qua
587 3975 751 4044 tempestate
769 3977 901 4029 iuvencos.
1057 3971 1090 4039 V,
1126 3975 1151 4039 9,
1206 3973 1230 4026 1.

65 4065 201 4130 praeterea
220 4063 249 4115 in
268 4060 370 4116 duobus
388 4063 524 4117 verubus:

168 4151 248 4204 Desit
266 4149 456 4206 odoriferis
474 4152 538 4206 ordo
556 4153 626 4206 mihi
644 4152 775 4216 lancibus,
794 4151 894 4207 adsint.
1036 4151 1087 4207 ΠΙ.
1125 4151 1151 4214 b,
1206 4151 1231 4206 7.

170 4240 253 4294 Tecta
271 4241 477 4309 superciliis
495 4242 519 4295 si
538 4241 644 4312 quando
662 4241 744 4296 uerba
762 4241 890 4295 remittis.
1041 4241 1089 4306 IV,
1127 4241 1152 4303 7,
1189 4239 1232 4295 ab.

170 4326 270 4384 Omnes
290 4344 356 4398 quas
375 4328 523 4384 adtuhmus
548 4330 648 4384 formae
671 4331 793 4398 regulam
816 4330 882 4383 licet
905 4345 959 4384 non
987 4328 1079 4383 eodem
1096 4327 1174 4382 modo
1192 4344 1232 4384 se·

66 4421 191 4490 quantur,
204 4417 305 4474 formas
317 4421 410 4474 tamen
422 4419 566 4489 longiores,
580 4436 645 4492 quas
657 4420 755 4476 ultimo
767 4421 824 4478 loco
836 4420 981 4490 posuimus,
999 4433 1059 4476 raro
1071 4417 1231 4478 ieronimus.
