2970 5056
530 428 749 494 ..45-

211 605 245 668 In
263 601 343 658 laude
360 602 502 658 Messallae
520 606 590 658 tres:

104 694 189 748 Facta
209 697 291 764 queat
310 693 391 746 dictis
408 694 429 761 ll
446 695 478 746 ut
497 709 550 746 non
569 693 670 746 maiora
689 693 832 761 supersint.
1144 695 1169 749 6.

105 783 160 837 Nec
178 787 271 837 tamen
289 783 352 836 hinc
370 784 419 834 aut
436 781 500 834 binc
518 782 538 847 ll
556 780 610 834 tibi
630 781 689 834 leus
702 780 819 834 maiorve
838 781 967 836 minorve.
1125 783 1170 838 40.

104 873 181 926 Iusta
199 872 258 940 pari
275 871 407 940 premitur
424 871 445 938 sl
463 871 550 924 veluti
569 886 627 923 cum
645 868 761 938 pondere
783 869 860 925 libra.
1126 872 1169 926 41.

159 961 306 1022 Postremo,
324 963 357 1013 ut
376 976 476 1014 errores
494 957 719 1028 praescindamus,
747 961 881 1023 notamus,
908 975 985 1028 saepe
1005 959 1125 1014 versibus
1143 977 1160 1014 a
1177 977 1224 1014 no·

55 1048 96 1103 bis
114 1049 333 1118 semiquinariam
351 1047 492 1112 vindicari,
511 1049 541 1102 in
560 1047 665 1117 quibus,
693 1047 747 1100 nisi
766 1047 820 1100 alia
839 1047 934 1115 regula
952 1049 1127 1113 interveniat,
1146 1051 1225 1103 semi·

55 1139 204 1206 septenaria
222 1136 345 1207 ponenda
363 1153 420 1191 esse
439 1136 525 1191 videri
543 1137 637 1206 possit,
657 1135 727 1206 quod
745 1136 824 1190 facile
836 1153 889 1190 uno
913 1137 1031 1206 exemplo
1044 1137 1225 1194 demonstrare

55 1230 150 1294 potest
186 1227 257 1280 Nam
275 1225 377 1279 versui:
396 1225 450 1280 Ure
469 1242 557 1279 meum
576 1226 667 1294 potius
685 1225 793 1278 flamme
811 1228 893 1294 caput
911 1229 940 1279 et
957 1229 1019 1295 pete
1040 1225 1109 1280 ferro
1119 1248 1126 1291 ;
1145 1228 1225 1282 semi·

57 1317 203 1384 quinariam
221 1314 340 1369 tribucre
359 1313 484 1369 debemus
503 1332 562 1369 eam
581 1315 614 1368 ob
633 1331 762 1379 caussam,
791 1313 862 1384 quod
889 1331 997 1368 caesura
1023 1315 1143 1370 bucolica
1164 1334 1225 1371 cum

57 1407 272 1475 semiseptenaria
290 1405 419 1472 coniungi
437 1405 600 1472 regulariter
618 1404 721 1473 nequit.
760 1403 891 1456 Attamen
914 1403 1032 1457 libenter
1059 1405 1225 1488 confitemur,
1325 1417 1331 1426 ’

57 1495 206 1564 saepissime
224 1493 353 1548 iudicium
372 1509 425 1547 non
443 1510 479 1558 re,
499 1493 546 1547 sed
562 1493 654 1562 potius
676 1492 801 1562 opinione
819 1491 964 1547 formatum
986 1492 1108 1562 proferri,
1132 1495 1174 1548 ita
1193 1498 1226 1549 ut

59 1583 126 1648 illos,
143 1585 188 1653 qui
206 1583 287 1638 aliter
305 1583 435 1647 sentiant,
453 1599 503 1636 nos
521 1598 574 1636 non
592 1597 620 1635 re
639 1581 706 1650 ipsa,
732 1579 777 1634 sed
803 1580 896 1634 iudicii
915 1583 1095 1650 protervitate
1112 1585 1225 1637 nostris·

59 1689 108 1741 que
124 1672 390 1742 praesumptionibus,
418 1675 450 1726 ut
469 1674 607 1735 vocantur,
636 1686 736 1724 errasse
765 1670 965 1724 existimaturos
992 1687 1049 1724 esse
1076 1687 1210 1740 speremus
1217 1693 1224 1738 ς

60 1761 127 1830 quod
143 1761 234 1815 eodem
252 1760 330 1814 modo
349 1760 381 1814 de
399 1761 515 1814 caesuris
533 1760 763 1828 semiseptenariis
781 1757 884 1812 dictum
902 1775 959 1812 esse
978 1759 1109 1817 volumus.

597 1919 626 2003 c.
651 1922 681 1986 e.

138 2065 183 2120 De
201 2065 332 2118 ceteris
350 2065 483 2133 praeter
501 2062 787 2132 semiquinariam
805 2061 956 2116 caesuris
974 2061 1140 2118 admissis.

161 2206 222 2260 Una
239 2223 302 2275 prae
321 2206 417 2260 ceteris
445 2221 552 2258 caesura
580 2203 889 2272 hephthemimeris
914 2204 959 2258 hic
977 2205 1055 2258 nobis
1082 2203 1226 2260 tractanda

63 2295 225 2364 relinquitur,
245 2294 277 2348 de
296 2295 358 2348 aliis
376 2309 459 2363 pauca
477 2297 586 2347 tantum
604 2292 739 2347 addemus.
776 2293 834 2346 Iam
860 2309 969 2347 caesura
987 2292 1226 2362 hephthemimeris

64 2399 119 2436 cum
136 2383 326 2438 trithemimeri
345 2384 496 2446 coniuncta,
518 2385 550 2436 ut
568 2383 618 2436 hoc
636 2399 727 2436 versu:

162 2474 217 2528 Hoc
245 2473 352 2528 utinam
369 2474 380 2540 l
398 2473 514 2542 spatiere
533 2473 589 2525 loco
607 2474 628 2542 sl
647 2487 810 2542 quocumque
829 2469 950 2536 vocabis;

64 2561 193 2617 inuenitur
206 2562 278 2632 apud
290 2561 459 2630 Propertium
471 2560 574 2614 centies
582 2560 666 2614 vicies
683 2559 777 2623 sexies,
796 2559 867 2628 apud
880 2560 1018 2615 Tibullum
1031 2561 1133 2615 centies
1143 2561 1226 2616 vicies

66 2651 148 2717 octies,
166 2651 236 2721 apud
249 2650 418 2720 Lygdamum
427 2652 537 2703 tantum
547 2651 598 2710 ter,
612 2647 641 2702 in
651 2647 730 2701 laude
742 2648 883 2702 Messallae
897 2649 979 2703 vicies
989 2649 1101 2718 septies3
1120 2653 1227 2718 praeter

66 2756 123 2808 quos
134 2741 203 2811 apud
216 2741 355 2795 Tibullum
368 2740 486 2810 quinque
499 2757 590 2794 versus
602 2739 786 2803 inveniuntur,
806 2738 911 2808 quibus,
925 2740 988 2810 quia
1001 2756 1136 2794 caesuram
1148 2740 1226 2796 femi-

65 2845 134 2883 neam
146 2830 215 2899 apud
228 2831 299 2884 huno
310 2833 417 2900 poetam
429 2847 483 2884 non
495 2829 675 2893 admittimus,
689 2827 801 2883 eandem
810 2845 945 2883 caesuram
958 2829 1077 2884 tribuere
1090 2827 1224 2884 debemus.

111 2919 152 2973 Sic
171 2919 264 2973 venias
281 2921 292 2987 l
310 2919 450 2973 hodierne:
469 2919 523 2973 tibi
541 2919 562 2987 ss
581 2918 641 2973 dem
660 2917 730 2972 turis
742 2918 863 2972 honores.
1024 2917 1047 2982 1,
1086 2919 1109 2982 7,
1129 2919 1171 2973 59.

111 3008 220 3078 Alapis
239 3011 281 3063 est
298 3013 309 3077 l
327 3009 486 3080 ferrumque,
506 3026 581 3064 suam
600 3011 620 3074 ll
638 3010 796 3079 quicumque
815 3009 941 3079 puellam.
1025 3009 1047 3073 l,
1068 3010 1109 3074 10,
1129 3009 1172 3064 59.

111 3096 147 3151 At
164 3098 242 3152 nobis
261 3102 271 3160 l
289 3098 345 3152 Per
363 3099 442 3164 alma,
462 3100 525 3153 veni
543 3101 564 3167 ,0
582 3099 735 3168 spicamque
754 3101 856 3152 teneto.
1025 3098 1047 3163 I,
1069 3100 1109 3163 10,
1130 3099 1171 3153 67.

111 3187 235 3242 Dicamus
252 3191 264 3256 l
281 3187 351 3241 bona
370 3187 451 3242 verba
470 3188 558 3258 (venit
574 3189 595 3254 ll
613 3187 726 3252 natalis)
746 3186 779 3240 ad
798 3204 866 3240 aras.
1010 3186 1048 3250 ΙΙ,
1085 3188 1110 3248 2,
1147 3189 1172 3241 1.

5 3345 6 3354 ¹
76 3267 80 3274 ’
110 3275 179 3331 Pone
197 3279 309 3340 metum,
328 3279 340 3343 l
357 3275 500 3341 Cerinthe3
520 3276 584 3330 deus
603 3279 623 3345 ll
641 3293 694 3330 non
713 3275 799 3330 laedit
817 3279 946 3330 amantes.
1000 3275 1047 3339 IV,
1084 3275 1172 3339 4,15.

5 3367 6 3372 ’
162 3369 187 3422 2.
225 3365 325 3420 Versus
343 3365 372 3419 in
393 3365 490 3435 quibus
508 3365 747 3434 hephthemimeris
769 3365 826 3419 sola
843 3364 991 3428 invenitur,
1020 3363 1227 3418 trithemimeris

66 3469 119 3508 vero
136 3456 235 3520 exulat,
253 3457 286 3508 ut
304 3455 354 3509 hoc
372 3471 462 3509 versu:

161 3545 213 3599 Hic
232 3561 282 3612 ego
301 3547 486 3614 pastoremque
505 3561 592 3598 mcum
610 3545 632 3612 ll
649 3545 764 3598 lustrare
783 3543 942 3613 quotannis;

5 3635 6 3648 ¹
66 3632 127 3701 apud
144 3632 314 3702 Propertium
333 3632 536 3702 septemdecim,
561 3631 631 3701 apud
651 3632 788 3686 Tibullum
806 3631 945 3696 undecim,
970 3634 1026 3685 tres
1044 3629 1116 3700 apud
1133 3629 1226 3686 laude·

66 3729 141 3776 torem
159 3722 301 3776 Messallae
319 3723 455 3790 leguntur.
494 3722 606 3776 Praeter
623 3721 672 3775 hos
690 3720 741 3774 duo
762 3721 865 3774 Tibulli
884 3737 989 3775 versus:

112 3811 236 3882 Quisquis
254 3826 342 3864 amore
360 3813 476 3875 tenetur,
496 3813 541 3864 eat
558 3811 580 3876 ll
597 3813 727 3878 tutusque
745 3825 877 3879 sacerque.
1042 3809 1065 3874 I,
1084 3811 1110 3874 2,
1129 3809 1171 3865 27.

111 3900 207 3955 Desine
226 3899 410 3954 dissimulare:
429 3898 493 3953 deus
511 3903 531 3969 sl
549 3898 682 3953 crudelius
700 3899 765 3954 urit.
1036 3899 1058 3964 I,
1079 3899 1104 3964 8,
1142 3899 1172 3964 'l;

68 3989 166 4043 eandem
193 3989 316 4057 regulam
343 3991 499 4058 sequuntur,
527 4004 590 4041 narn
618 4004 657 4051 ea,
686 4003 752 4058 quae
777 3987 808 4042 L.
826 3986 973 4042 Muellerus
991 3986 1016 4042 d.
1035 4005 1057 4042 r.
1075 4004 1111 4042 m.
1129 4003 1154 4057 p.
1174 3988 1226 4042 201

68 4073 142 4142 docet,
170 4078 279 4132 omnino
306 4077 457 4146 probamus,
485 4075 653 4146 inprobanda
680 4079 773 4130 tamen
798 4076 994 4141 existimantes,
1025 4093 1093 4146 quae
1120 4094 1146 4146 p.
1174 4077 1227 4131 200

70 4166 172 4234 scripsit.
208 4166 325 4222 (laesura
343 4167 415 4221 enim
428 4166 669 4236 hephthemimeris
688 4165 746 4219 sine
764 4165 957 4219 trithemimeri
975 4165 1046 4235 apud
1058 4165 1226 4236 Lygdamum

70 4252 173 4310 inueniri
191 4273 245 4310 uon
262 4259 361 4326 potest,
382 4257 437 4311 nisi
457 4273 533 4310 versu
552 4258 586 4311 17
605 4255 703 4324 eligiae
722 4258 828 4308 sertae:

163 4345 235 4400 Haec
253 4362 327 4400 amor
346 4349 375 4400 et
393 4345 493 4400 maiora
512 4347 598 4409 valet;
618 4343 663 4399 sed
682 4343 783 4413 poscite
801 4343 912 4398 Bacchi:

74 4428 97 4483 iu
113 4449 158 4503 quo
176 4453 253 4490 versu
271 4435 330 4490 sine
348 4435 431 4489 dubio
453 4434 659 4489 trithemimeris
677 4433 742 4503 poni
760 4431 848 4498 debet,
871 4447 934 4486 uam
951 4434 1014 4500 post
1031 4446 1121 4486 vocem
1139 4432 1174 4485 et
1191 4427 1226 4486 ab
