2970 5056
542 348 766 424 -31-

261 617 303 684 Ii.
333 615 385 684 lie
409 616 619 684 elisionibus
641 615 818 684 vocalium
842 615 1042 700 longarum.

166 741 290 798 Eaedem
313 741 433 811 regulae,
461 757 527 812 quas
554 743 609 796 iam
637 757 717 810 supra
740 741 773 796 de
791 741 903 796 elisione
921 742 1022 797 vocalis
1040 741 1129 798 brevis
1146 757 1240 813 propo·

67 832 176 896 suimus,
205 831 252 890 bic
270 829 457 886 admittendae
482 829 622 895 videatur,
645 847 739 901 nempe
758 831 878 888 vocalem
896 830 964 886 bene
982 831 1049 886 elidi
1068 835 1131 888 ante
1149 847 1240 890 mono-

67 919 181 989 syllabas
213 919 258 974 vel
276 922 342 974 ante
369 917 488 973 vocalem
506 917 626 972 eiusdem
651 920 766 987 generis,
794 920 881 974 rarius
908 921 1000 974 tamen
1027 923 1057 975 et
1081 921 1158 990 peius
1175 923 1240 978 ante

68 1025 140 1067 voces
168 1009 291 1080 plurium
318 1007 492 1078 syllabarum.
523 1007 581 1074 Qua
608 1007 638 1060 in
664 1023 693 1062 rc
720 1008 908 1074 notandnmst,
934 1024 1009 1064 voces
1032 1008 1239 1079 disyllabos,

69 1115 177 1169 quarum
195 1099 298 1156 ultima
316 1096 421 1167 syllaba
433 1113 480 1166 per
497 1097 636 1152 elisionem
655 1097 780 1164 abicitur,
798 1114 845 1167 pro
863 1097 1055 1168 monosyllabis
1072 1099 1175 1162 baberi,
1195 1115 1240 1154 vo-

69 1203 107 1245 ces
124 1203 196 1256 ego,
215 1188 330 1251 etiam,
356 1188 445 1251 ante,
471 1187 577 1256 saepius
601 1185 713 1242 admitti
730 1190 793 1256 post
810 1186 916 1242 vocales
934 1188 1023 1253 elisas,
1042 1187 1240 1260 monosyllabas

70 1293 123 1331 cum
140 1277 204 1331 aliis
222 1275 333 1331 vocibus
351 1277 512 1344 compositas
529 1275 774 1344 monosyllabarum
793 1276 880 1332 locum
898 1279 998 1332 tenere.
1018 1277 1097 1334 Tales
1116 1278 1240 1336 elisiones

70 1366 161 1435 langas
181 1365 307 1420 Tibullus
325 1364 438 1433 praebet
465 1381 573 1430 novem,
602 1364 757 1434 Lygdamus
782 1367 925 1436 quattuor,
951 1366 1075 1423 laudator
1098 1365 1240 1426 lucaniae

71 1471 155 1520 auam,
173 1455 332 1524 Propertius
350 1455 527 1523 septuaginta
545 1454 672 1525 quinque.

173 1579 278 1635 Tibulli
297 1579 419 1650 exempla
436 1579 503 1634 hacc
521 1581 599 1634 sunt:

553 1766 581 1836 a)
608 1767 643 1821 iu
670 1765 756 1821 arsi:

75 1889 156 1961 Opera
172 1894 293 1948 insuetas
471 1891 494 1957 1,
530 1891 556 1956 4,
574 1891 618 1946 48.
690 1890 851 1948 Concelebra
869 1893 898 1946 et
1093 1892 1116 1959 I,
1153 1893 1177 1960 7,
1196 1893 1240 1950 50.

75 1979 228 2037 1711111111
471 1980 494 2046 I,
530 1981 556 2046 3,
576 1981 618 2036 26.
692 1979 855 2036 0111111111
1092 1981 1115 2048 Ῑ,
1153 1983 1239 2048 7,12.
1288 2041 1292 2044 ,

76 2069 159 2138 cupidi
176 2069 210 2124 ad
453 2069 490 2135 11,
527 2070 553 2135 5,
572 2069 615 2125 54.
686 2085 769 2139 parvo
788 2068 938 2139 advigilare
1078 2071 1116 2136 11,
1152 2071 1176 2137 5,
1196 2072 1239 2127 93.

76 2156 157 2212 llulto
174 2160 340 2214 innumeram
455 2159 494 2223 ll,
530 2160 556 2224 3,
573 2159 618 2214 42.

77 2246 134 2314 (alr
151 2247 235 2308 multt
253 2248 415 2314 innumere.)

419 2433 445 2506 β)
470 2433 504 2488 in
522 2431 632 2504 prima
650 2431 760 2488 thesis
778 2432 890 2489 brevi:

78 2537 138 2593 Vidi
155 2555 203 2610 ego
469 2541 492 2606 Ι,
529 2542 555 2607 2,
574 2542 617 2598 89.
690 2540 734 2596 illi
752 2541 837 2598 etiam
1079 2542 1118 2610 Π,
1154 2545 1179 2610 1,
1196 2544 1241 2605 41.

175 2647 330 2718 Lygdamus
348 2648 441 2718 posuit
460 2647 565 2703 vocales
584 2647 664 2702 elisas
683 2647 719 2702 in
738 2647 821 2702 arsi:

79 2731 180 2794 burra
197 2737 355 2794 inmeritum
533 2738 559 2803 4,
580 2737 621 2794 14.
693 2734 786 2804 Longe
804 2737 869 2790 ante
1152 2739 1179 2804 4,
1197 2739 1240 2798 93.

79 2821 165 2879 leriae
183 2829 210 2880 et
529 2827 555 2891 6,
574 2826 617 2881 28.
689 2825 828 2895 praefatae
846 2827 910 2880 ante
1153 2828 1179 2892 2,
1199 2827 1241 2883 15.

175 2914 313 2970 laudator
330 2915 473 2970 Messallae
501 2915 577 2970 elisit
604 2914 723 2970 vocalem
749 2915 858 2985 longam
886 2915 915 2969 in
933 2914 1020 2984 prima
1047 2914 1133 2975 thesis
1150 2914 1240 2972 brevi:

80 2998 181 3066 Quando
198 3021 266 3061 onus
573 3004 616 3059 43.

173 3165 330 3235 Propertius
348 3164 397 3219 has
415 3163 527 3234 praebet
544 3163 644 3222 formas
662 3164 757 3220 elisas:

531 3297 558 3367 a)
587 3297 737 3351 vocalis
765 3313 796 3352 a:

268 3424 297 3490 a)
316 3422 353 3478 in
372 3421 454 3478 arsit
786 3423 813 3492 β)
832 3422 866 3477 iu
884 3422 987 3492 longa
1004 3423 1107 3482 thesi:

81 3523 177 3584 Invidia
195 3528 347 3584 admirante
441 3529 494 3594 ΙΙΙ,
532 3530 618 3594 9,11.
690 3529 744 3585 Π11
762 3532 852 3584 aetate
1066 3530 1099 3596 V,
1137 3530 1240 3596 1,127.

81 3619 206 3686 supposita
224 3620 359 3688 excipiens
513 3619 557 3682 30,
575 3619 619 3674 40.
802 3619 806 3625 ’

82 3710 162 3762 contre
179 3712 295 3778 angusto
456 3707 494 3771 Π,
533 3710 556 3771 1,
574 3707 619 3763 45.

80 3807 120 3847 ma
136 3797 163 3851 in
446 3796 494 3861 IV,
531 3799 556 3861 1,
574 3797 617 3852 44.

81 3878 147 3938 inca
163 3889 191 3941 et
463 3885 496 3951 V,
516 3887 558 3951 11,
577 3885 620 3940 21.

83 3968 131 4036 (ubi
147 3975 195 4030 al.:
213 3975 291 4030 iuxta
308 3973 449 4041 Minoida.)

524 4135 554 4205 b)
582 4133 786 4190 vocalisc:

177 4267 266 4329 Thebe
282 4271 314 4325 et
331 4267 385 4335 III,
404 4269 447 4334 20,
466 4270 492 4325 8.
524 4268 581 4338 (ubi
599 4269 649 4326 al:
667 4266 770 4322 Phoebi
788 4268 837 4338 et.)
874 4267 1005 4339 Omphale
1023 4268 1052 4322 in
1070 4266 1117 4333 IV,
1137 4268 1179 4333 10,
1200 4265 1241 4324 17.

85 4349 142 4410 lacie
159 4362 186 4413 et
203 4359 236 4426 V,
254 4360 281 4426 4,
299 4361 343 4416 21.
381 4374 445 4414 cave
463 4359 585 4418 inflectas
607 4359 639 4426 V,
658 4359 684 4424 8,
704 4358 747 4413 77.
783 4357 882 4428 ubique
901 4359 931 4414 in
948 4358 1002 4414 arsi
1019 4356 1130 4428 positae.
