3022 4972
721 427 940 498 ...36-

280 602 362 661 (ierta
379 605 481 676 loquor,
500 603 547 659 sed
565 605 641 660 nulla
658 604 733 671 fides,
751 621 838 676 neque
857 607 930 661 enim
948 606 1003 662 Ilia
1021 607 1164 677 quondam.
1209 609 1258 675 IV,
1279 611 1322 675 12,
1340 611 1384 666 61.

280 694 389 749 Paeana
406 695 541 763 Amphion
558 711 624 764 rupa
643 694 797 764 Aracyntho
816 698 873 750 tua.
1207 699 1256 764 IV,
1277 700 1320 765 14,
1338 701 1382 754 42.

280 783 358 838 Nunc
376 785 460 852 agite,
480 800 494 837 o
514 785 587 848 socii,
606 784 750 853 propellite
768 785 798 837 in
816 800 930 854 aequora
943 801 1047 842 navem.
1209 788 1257 853 IV,
1277 790 1321 853 21,
1341 791 1384 843 11.

279 876 410 946 Incipiam
430 879 479 930 aut
497 877 593 942 hortis,
612 875 691 931 docte
709 875 830 946 Epicure,
853 878 918 932 tuis.
1210 877 1257 941 IV,
1277 878 1321 940 21,
1340 878 1384 932 26.

281 965 343 1020 Sive
362 965 440 1020 ebore
460 969 569 1020 exactae
588 983 634 1020 seu
652 967 740 1034 magis
759 982 818 1020 aere
836 983 940 1020 manus.
1208 965 1256 1031 IV,
1276 967 1320 1030 21,
1339 967 1383 1021 30.

281 1056 322 1109 Tu
340 1055 405 1109 licet
423 1054 556 1124 adspicias
575 1055 677 1109 coelum
696 1071 773 1109 omue
791 1053 908 1109 Atlanta
926 1058 1073 1123 gerentem.
1207 1055 1256 1119 IV,
1275 1056 1319 1119 22,
1357 1057 1383 1110 7.

279 1143 317 1198 Et
335 1144 472 1199 domiuum
489 1143 619 1214 Esquiliis
637 1143 722 1197 scribe
741 1143 865 1198 habitare
889 1147 974 1198 tuum.
1207 1143 1255 1208 IV,
1275 1145 1318 1209 23,
1338 1144 1382 1198 24.

279 1233 381 1303 (Atque
399 1233 439 1287 ihi
457 1231 574 1286 Fidenas
592 1233 675 1301 longa
694 1235 753 1286 erat
770 1233 822 1286 isse
842 1233 906 1286 vias.
1221 1233 1254 1298 V,
1292 1235 1318 1298 1,
1337 1234 1383 1297 36;

265 1388 272 1401 ι
387 1339 401 1376 1
420 1323 573 1376 1111111111
591 1336 653 1390 pro:
690 1321 747 1375 Hac
766 1320 813 1374 ubi
831 1320 948 1376 Fidenas
966 1322 1047 1390 longe
1066 1324 1126 1376 erat
1144 1323 1183 1376 ire
1202 1322 1280 1392 vias.)

279 1412 437 1481 Exemplum
455 1427 537 1479 grave
556 1411 609 1464 erit
628 1410 748 1476 Calchas,
768 1427 884 1481 namque
902 1410 1001 1465 Aulide
1024 1411 1114 1467 solvit.
1222 1411 1255 1476 V,
1275 1414 1300 1476 1,
1320 1411 1381 1466 109.

279 1501 402 1572 Denique
420 1499 468 1554 ubi
486 1501 609 1569 amplexu
627 1500 759 1554 Venerem
777 1502 931 1569 promiseris
951 1504 1049 1570 empto.
1223 1501 1255 1566 V,
1293 1501 1320 1566 5,
1338 1501 1383 1555 33.

279 1591 336 1644 Hoc
355 1591 439 1644 etiam
457 1606 539 1658 grave
558 1591 625 1654 crat,
644 1589 719 1643 nulla
738 1588 859 1642 mercede
877 1589 1047 1658 hyacinthos.
1222 1589 1255 1652 V,
1293 1589 1318 1653 7,
1337 1588 1382 1642 33.

279 1679 399 1734 Ardente
418 1695 431 1733 e
449 1681 541 1732 nostro
560 1677 651 1732 dotem
668 1677 797 1732 habitura
815 1694 888 1746 rogo.
1222 1677 1255 1742 V,
1293 1677 1318 1741 7,
1336 1675 1373 1730 48

279 1769 369 1839 Atque
388 1770 429 1823 ait
447 1767 578 1822 admissae
597 1768 620 1820 si
639 1767 680 1820 vis
699 1783 741 1820 me
760 1768 897 1835 ignoscere
916 1767 1018 1836 culpae.
1222 1765 1256 1830 V,
1293 1766 1318 1830 8,
1339 1767 1382 1820 13.

279 1857 355 1914 Colla
373 1875 437 1912 cave
454 1858 577 1912 inflectas
595 1855 629 1909 ad
648 1872 781 1909 summum
800 1855 911 1926 obliqua
929 1857 1076 1911 theatrum.
1220 1855 1254 1921 V,
1291 1855 1316 1919 8,
1337 1855 1380 1909 ll.

279 1948 331 2001 Ille
350 1963 399 2015 ego
418 1963 490 2000 sum:
509 1943 621 1999 Alciden
640 1947 713 1998 terra
731 1947 839 2014 recepta
858 1948 944 2000 vocat.
1222 1942 1255 2008 V,
1293 1945 1317 2007 9,
1338 1943 1381 1997 38.

279 2036 361 2090 Parce
380 2036 471 2100 oculis,
490 2035 593 2103 hospes,
613 2033 724 2103 lucoque
742 2032 854 2089 abscede
872 2033 995 2088 verendo.
1222 2032 1256 2097 V,
1293 2035 1317 2096 9,
1338 2033 1381 2088 53.

280 2123 350 2180 Cede
369 2123 482 2193 agedum
503 2127 532 2178 et
550 2125 612 2177 tuta
630 2123 725 2176 limina
748 2123 840 2193 linque
859 2123 934 2192 fuga.
1222 2123 1257 2188 V,
1293 2124 1318 2187 9,
1337 2123 1382 2176 54.

279 2214 369 2284 Atque
387 2212 434 2267 ubi
452 2215 553 2266 secreto
571 2217 664 2266 nostra
683 2211 717 2267 ad
735 2213 879 2266 simulacra
901 2213 1026 2283 loqueris.
1222 2213 1256 2276 V,
1277 2215 1319 2277 11,
1338 2213 1383 2267 83.

351 2303 377 2373 d)
395 2303 469 2356 Duas
487 2301 607 2356 duriores
625 2303 750 2356 elisiones
769 2301 899 2357 admissas
918 2304 947 2356 in
965 2301 1087 2357 uersibus
1107 2301 1210 2370 viginti
1230 2305 1375 2371 quattuor:

279 2390 336 2446 Aut
354 2408 475 2446 canerem
492 2389 648 2460 Aegyptum
667 2394 696 2445 et
713 2391 815 2456 Nilum,
835 2407 895 2445 curn
913 2394 1017 2446 tractus
1034 2392 1064 2445 iu
1082 2390 1184 2455 urbem,
1241 2391 1279 2455 Π,
1295 2392 1317 2454 1,
1332 2391 1382 2455 31;

244 2480 278 2536 ad
291 2498 370 2552 quem
383 2482 467 2536 locum
482 2479 543 2548 vide
562 2484 655 2535 notam
667 2481 842 2546 Lachmanni,
862 2482 909 2553 qui
922 2482 1069 2550 proposuit,
1088 2497 1206 2535 canere
1228 2480 1419 2549 inciperem

243 2570 357 2624 Nilum
385 2586 432 2638 pro
461 2569 577 2622 lectione
610 2569 740 2623 librorum
773 2569 846 2624 Mss.
876 2585 1030 2623 canerem
1057 2567 1201 2639 Cyprum
1229 2571 1271 2633 et;
1300 2569 1348 2624 ubi
1375 2573 1421 2624 ta·

243 2675 305 2712 men
324 2658 444 2726 exempla
463 2674 479 2711 a
497 2658 669 2712 Lachmanno
687 2658 793 2728 prolata
813 2657 935 2712 adhunc
954 2658 1041 2712 locum
1059 2675 1113 2713 non
1132 2657 1262 2729 quadrare
1281 2657 1421 2713 videntur.

279 2749 379 2803 Verum
397 2749 482 2802 etiam
499 2749 617 2802 instanti
635 2749 709 2802 laesa
728 2751 864 2817 repugnat
882 2749 947 2804 ovis.
1140 2795 1144 2804 .
1215 2748 1254 2813 11,
1291 2749 1316 2812 5,
1336 2750 1380 2803 20.

280 2839 390 2892 Possum
409 2853 458 2906 ego
477 2838 507 2890 in
525 2837 639 2891 alterius
657 2837 775 2905 positam
793 2839 913 2905 spectare
932 2837 1041 2892 lacerto.
1216 2836 1254 2902 ΙΙ,
1290 2837 1316 2902 8,
1356 2837 1381 2891 5.

279 2926 389 2982 Fortem
407 2926 485 2979 illum
504 2925 661 2980 Haemoniis
678 2925 796 2979 Hectora
815 2926 902 2979 traxit
920 2926 1004 2996 equis.
1217 2925 1253 2989 H,
1292 2927 1318 2989 8,
1337 2926 1381 2980 38.

279 3015 405 3070 Nondum
424 3017 508 3068 etiam
526 3014 653 3068 Ascraeos
672 3017 772 3068 norunt
790 3031 850 3068 mea
872 3016 990 3068 carmina
1009 3013 1107 3068 fontes.
1202 3013 1254 3078 III,
1292 3016 1317 3078 1,
1337 3015 1382 3070 25.

278 3103 316 3158 Et
333 3104 460 3173 pharetra
478 3120 510 3156 ex
527 3103 637 3156 humero
656 3101 754 3158 Cnosia
772 3106 885 3173 utroque
907 3103 986 3158 iacet.
1201 3101 1254 3167 111,
1290 3105 1316 3168 3,
1338 3106 1381 3159 10.

279 3194 363 3260 Quem
381 3193 459 3247 modo
478 3191 584 3246 ielicem
602 3191 707 3245 invidia
726 3191 877 3246 admirante
896 3191 1028 3246 ferebant.
1201 3192 1254 3257 III,
1292 3194 1317 3256 9,
1338 3195 1382 3248 11.

278 3283 361 3337 Illum
380 3281 414 3335 ad
432 3283 535 3335 viciuos
554 3297 613 3335 cum
632 3280 753 3349 amplexa
772 3281 922 3350 quiesceret
939 3279 1028 3335 Indos.
1202 3281 1254 3346 ΙΙΙ,
1275 3284 1317 3346 10,
1337 3285 1382 3336 11.

279 3371 317 3426 At
335 3376 366 3426 tu
385 3373 468 3425 etiam
487 3371 611 3425 iuvenem
629 3368 712 3423 odisti
730 3386 782 3435 me,
800 3369 909 3438 perfida,
929 3385 988 3423 cum
1007 3371 1052 3424 sis.
1201 3369 1253 3433 III,
1273 3372 1315 3435 10,
1336 3373 1379 3426 19.

279 3460 350 3526 Quos
367 3461 473 3514 utinam
492 3461 521 3513 in
539 3458 626 3523 nobis,
645 3459 713 3523 vitu,
732 3460 867 3528 experiare
886 3458 1005 3513 laboresl
1201 3459 1253 3524 ΙΙΙ,
1273 3461 1316 3526 19,
1336 3462 1381 3516 13.

279 3548 318 3603 At
336 3566 382 3604 vos
401 3551 447 3619 qui
466 3549 555 3604 1111111
572 3549 602 3602 in
620 3549 721 3603 multos
739 3550 871 3604 revocatis
890 3565 1000 3603 amores.
1200 3549 1253 3612 ΠΙ,
1272 3551 1316 3614 20,
1335 3549 1381 3605 39.

279 3637 419 3693 Crudelem
438 3642 467 3692 et
485 3637 597 3692 Boream
616 3640 694 3706 rapta
713 3636 839 3707 Orithyia
860 3639 982 3707 negavit.
1200 3638 1253 3703 III,
1272 3639 1315 3702 22,
1334 3640 1379 3694 31.

278 3726 350 3781 Ante
369 3730 482 3796 tuosque
500 3726 581 3796 pedes
599 3727 648 3780 illa
667 3727 727 3795 ipsa
745 3726 873 3796 adoperta
891 3727 1005 3782 sedebit.
1201 3728 1253 3792 III,
1273 3728 1316 3793 25,
1337 3729 1381 3783 11.

278 3816 321 3870 Au
341 3816 482 3885 quisquam
501 3816 529 3869 in
549 3819 627 3870 tanto
645 3819 798 3885 stuprorum
816 3818 938 3870 examine
957 3817 1071 3888 quaerit.
1200 3816 1253 3881 111,
1272 3818 1316 3881 30,
1334 3817 1381 3874 41.

280 3903 386 3960 Offensa
405 3905 453 3959 illa
471 3904 548 3966 mihi,
567 3920 620 3958 non
638 3905 692 3960 tibi
713 3905 798 3958 amica
818 3903 902 3960 dedit.
1205 3907 1253 3972 IV,
1290 3906 1315 3971 7,
1333 3906 1380 3962 40.

278 3993 348 4047 Nam
367 3993 432 4064 quid
451 4010 501 4062 ego
519 3993 621 4058 heroas,
641 3993 706 4063 quid
724 3996 829 4062 raptem
847 3994 990 4048 incrimine
1009 3993 1104 4049 divos?
1205 3995 1253 4062 IV,
1272 3997 1313 4058 10,
1334 3995 1378 4050 27.

279 4081 374 4138 Castra
392 4081 482 4138 decern
500 4099 638 4147 annorum,
658 4086 687 4136 et
705 4081 832 4137 Ciconum
850 4098 926 4137 mons
944 4083 1055 4149 Ismara,
1075 4083 1165 4152 Calpe.
1204 4083 1252 4148 IV,
1272 4085 1314 4148 11,
1334 4084 1379 4138 25.

279 4171 364 4225 Nemo
383 4171 449 4226 adeo
468 4176 499 4226 ut
517 4174 620 4238 noceat,
639 4172 770 4226 barbarus
788 4189 845 4227 esse
864 4173 944 4228 volet.
1204 4173 1252 4238 IV,
1273 4173 1315 4238 15,
1336 4173 1378 4228 14.

279 4261 418 4333 Geryonae
436 4264 544 4319 stabula
563 4267 592 4318 et
610 4265 763 4319 luctantum
781 4265 810 4319 in
828 4265 937 4334 pulvere
958 4265 1045 4334 signa.
1206 4262 1254 4328 IV,
1273 4263 1316 4325 22,
1352 4263 1379 4317 9.

278 4349 363 4406 Flebo
382 4367 432 4418 ego
451 4351 597 4418 discedens,
617 4353 663 4408 sed
681 4354 776 4409 fletum
795 4355 896 4407 iniuria
914 4354 1013 4408 vincet.
1203 4351 1252 4416 IV,
1270 4350 1314 4415 25,
1352 4351 1377 4406 7.

279 4440 418 4507 Quantum
436 4458 486 4510 ego
504 4459 563 4496 sum
581 4443 708 4497 Ausoniis
727 4443 828 4496 crimen
846 4441 952 4496 iactura
969 4442 1081 4511 puellisl
1219 4439 1252 4505 V,
1288 4439 1314 4504 4,
1333 4439 1379 4494 43.
