2970 5056
230 616 321 682 simus,
342 631 407 685 quos
425 615 514 670 tribus
532 615 667 684 capitibus
680 615 766 669 fusius
786 616 987 686 explicabimus
1005 616 1092 686 primo
1112 616 1144 671 de
1162 617 1258 670 finibus
1274 615 1396 671 ordinum

229 704 259 758 in
276 704 456 774 pentametris
475 721 520 774 per
538 703 697 758 incisionem
720 704 854 760 factorum
872 705 1042 770 disserentes,
1062 706 1177 760 secundo
1196 706 1227 760 dc
1244 705 1335 760 finibus
1352 722 1397 758 or-

230 793 349 848 dinum'
341 811 371 848 ιιι
389 793 535 848 hexamet'
500 797 550 848 tris
573 809 621 863 per
639 809 776 848 caesuram
795 794 1025 866 semiquinariam
1049 793 1147 850 deinde
1166 795 1198 850 de
1215 794 1309 850 finibus
1326 792 1396 848 ordi-

230 899 294 936 num
312 897 359 952 per
378 882 447 936 alias
466 898 587 938 caesuras
605 881 744 936 laetorum.

773 1132 802 1215 s.
831 1133 862 1198 3.

230 1274 277 1328 De
296 1272 431 1328 linibus
449 1273 602 1328 ordinum
620 1273 840 1328 metricorum
864 1290 923 1344 per
950 1274 1157 1330 incisionem
1180 1277 1216 1331 in
1240 1277 1399 1346 pentame-

639 1362 762 1416 metris
781 1361 995 1417 effectorum.

338 1503 408 1570 Quia
425 1505 458 1558 ut
476 1503 558 1558 initio
577 1503 657 1558 huius
675 1504 774 1574 capitis
787 1505 963 1574 exposuimus,
983 1506 1093 1574 regulae
1105 1521 1153 1575 pro
1172 1506 1270 1560 finibus
1282 1503 1400 1559 ordinum

231 1593 405 1649 metricorum
423 1610 470 1662 per
488 1610 611 1648 caesuras
636 1593 769 1648 factorum
794 1595 828 1649 ad
846 1612 930 1649 unum
948 1598 1058 1649 tanturn
1075 1594 1172 1664 pedem
1190 1595 1334 1664 pertinent,
1350 1592 1400 1646 rni-

231 1699 295 1738 nore
314 1683 443 1737 libertate
461 1685 557 1753 poetae
569 1683 645 1736 hac'
637 1699 667 1736 ιιι
685 1699 713 1737 re
731 1682 898 1747 f,ruebantur
918 1700 999 1752 quarn
1017 1684 1047 1737 in
1065 1683 1214 1738 formandis
1232 1683 1326 1737 finibus
1342 1698 1401 1735 ver·

232 1788 315 1828 suurn.
336 1771 490 1841 Rhythmus
517 1775 608 1826 autern
626 1772 729 1836 horum,
759 1788 822 1842 quos
842 1773 897 1826 iam
916 1772 1124 1837 consideramus,
1149 1771 1274 1826 ordinum
1291 1787 1340 1825 non
1357 1771 1401 1823 est

232 1860 390 1931 dactylicus,
410 1859 457 1914 sed
476 1861 676 1930 anapaesticus,
703 1877 784 1930 quare
803 1861 927 1929 regulae,
948 1877 1013 1930 quas
1031 1861 1105 1930 prius
1124 1877 1171 1930 pro
1191 1860 1325 1915 ordinibus
1341 1857 1402 1911 dac·

233 1949 393 2021 tylicist
345 1949 393 2002 adt
394 1949 528 2013 ulimus,'
519 1965 626 2004 rnverso
649 1949 742 2004 ordine
759 1951 809 2003 hoc
827 1950 884 2004 loco
904 1949 1028 2004 adhiberi
1047 1949 1154 2004 debent
1176 1949 1239 2004 Jam
1257 1965 1315 2003 vero
1332 1945 1401 2002 illud

231 2038 421 2102 notandumst,
446 2037 553 2106 saepius
571 2037 699 2106 spondeos
717 2038 845 2108 rhythmo
864 2039 1035 2109 anapaestico
1054 2055 1135 2109 quam
1153 2041 1311 2109 anapaestos
1327 2037 1402 2092 adhi-

231 2127 307 2192 beri,
332 2127 356 2181 si
374 2127 426 2181 ult
405 2130 488 2181 tumus
506 2143 552 2196 pes
570 2144 624 2181 uno
643 2127 771 2182 consistit
789 2127 932 2192 vocabulo;
952 2129 976 2182 si
995 2144 1056 2182 vero
1076 2145 1090 2182 e
1110 2127 1221 2194 duobus,
1241 2131 1331 2198 poetas
1349 2127 1400 2182 sibi

233 2233 288 2271 non
306 2218 437 2271 constare
457 2215 499 2270 Ad
518 2217 626 2284 singula
645 2215 844 2272 descendamus.

342 2304 364 2360 I.
384 2304 466 2359 Fines
484 2321 537 2359 uno
557 2305 637 2360 verbo
656 2307 756 2360 consist
744 2308 834 2360 tentes
852 2307 965 2375 possunt
982 2305 1093 2361 formari

342 2396 366 2449 1.
384 2411 432 2464 per
451 2395 532 2449 verba
550 2398 667 2450 metrum
686 2397 865 2466 exaequantia
884 2396 934 2449 hoc
952 2395 1044 2450 modo:

392 2501 417 2540 a.
438 2484 514 2538 Mille
534 2484 602 2539 alias
621 2484 745 2540 herbas
763 2483 876 2540 misceat
893 2485 944 2539 illa
963 2485 1067 2539 bibam.

391 2573 416 2628 b.
437 2573 587 2629 Versantur
606 2575 712 2628 celeri
729 2575 809 2628 noxia
827 2574 946 2632 membra
965 2576 1033 2628 rota.

338 2662 420 2717 Fines
438 2665 522 2732 priori
535 2664 637 2718 similes
656 2663 727 2732 apud
741 2664 905 2718 Tibullum
897 2664 1050 2718 invenimus
1061 2665 1195 2717 trecentos
1207 2663 1324 2732 triginta
1337 2664 1400 2725 octo,

233 2751 304 2822 apud
322 2751 492 2822 Lygdamum
509 2751 765 2822 undeseptuaglnta,
785 2751 856 2822 apud
873 2753 1044 2822 Propertium
1063 2752 1251 2821 septingentos
1264 2755 1293 2806 et
1304 2751 1401 2814 dccem;

233 2841 347 2896 secundo
366 2841 469 2896 similes
488 2841 558 2911 apud
585 2843 724 2896 Tibullum
747 2845 855 2897 centurn
880 2845 909 2896 et
934 2841 1124 2912 (puadraginta,¹
1150 2839 1221 2910 apud
1240 2840 1402 2910 Lygdamum

233 2930 336 2999 viginti
355 2932 481 3001 quinque,
501 2931 571 3000 apud
589 2931 760 3001 Propertium
779 2934 914 2986 trecentos
933 2931 1132 3001 quinquaginta
1151 2931 1278 3000 quinque

340 3022 364 3075 2.
383 3018 473 3074 Arsim
492 3019 663 3074 secundam'
654 3038 684 3074 m
696 3020 794 3074 ultimo
813 3021 897 3074 etiarn
915 3019 1043 3074 vocabulo
1063 3019 1195 3074 contineri
1214 3017 1402 3088 permissumst‚

234 3125 301 3179 quae
319 3107 405 3163 forma
431 3108 530 3162 iterum
557 3108 662 3178 saepius
679 3109 710 3163 in
728 3109 837 3163 vocibus
855 3109 1006 3178 spondaicis
1025 3125 1105 3178 quam
1123 3108 1153 3162 in
1171 3107 1346 3177 anapaesticis
1363 3107 1403 3162 in-

237 3199 359 3252 venitur:

394 3287 421 3350 a)
440 3285 483 3341 Ad
501 3288 550 3340 tua
568 3288 730 3341 rorantes
750 3285 868 3342 carmina
886 3286 964 3340 flexit
982 3300 1071 3355 equos.

396 3375 425 3443 b)
445 3375 558 3429 Somnus
576 3375 760 3428 sollicitas
779 3374 871 3428 deficit
890 3377 954 3428 ante
973 3373 1071 3428 domos.

341 3464 461 3518 Priorem
485 3464 596 3519 formam
622 3464 738 3532 legimus
757 3463 828 3533 apud
847 3463 985 3518 Tibullum
1004 3463 1105 3517 centies
1134 3461 1294 3532 quadragies
1317 3462 1402 3525 octies,

234 3553 316 3608 vicies
330 3553 430 3622 septies
444 3553 514 3622 apud
526 3552 704 3622 Lygdamum,
718 3551 940 3622 quadringenties
953 3553 1072 3620 octogies
1090 3551 1132 3606 bis
1145 3551 1215 3620 apud
1227 3551 1402 3620 Propertium,

234 3643 348 3697 alteram
367 3641 439 3711 apud
458 3641 596 3696 Tibullum
614 3641 719 3706 tricies,
748 3641 819 3711 apud
838 3641 1007 3711 Lygdamum
1035 3640 1129 3706 decies,
1158 3639 1260 3694 centies
1279 3640 1403 3710 quinqua·

236 3733 294 3800 gies
314 3731 413 3801 septies
433 3730 504 3799 apud
521 3731 699 3799 Propertium.

341 3821 366 3875 3.
387 3821 421 3874 In
440 3818 617 3874 admittendis
636 3818 728 3873 formis
747 3818 915 3888 longioribus
932 3820 1028 3888 poetae
1047 3820 1125 3873 caute
1144 3817 1247 3872 versati
1265 3819 1333 3881 sunt,
1350 3833 1402 3872 me·

238 3908 333 3962 liorem
351 3909 449 3962 ceteris
467 3907 581 3962 formam
599 3908 711 3978 praebet
730 3924 833 3962 versus:

343 3997 430 4050 Duxit
449 3997 611 4052 araturos
636 3997 768 4066 subiuga
786 3995 875 4066 panda
894 3996 989 4060 bores;
1471 4039 1472 4080 p

235 4102 316 4156 quam
334 4085 454 4149 formam,
475 4102 636 4155 quamquam
655 4086 811 4157 Lygdamus
839 4084 966 4140 adhibere
990 4085 1091 4149 noluit,
1119 4083 1270 4138 invenimus
1287 4081 1400 4138 undecies

235 4174 306 4246 apud
325 4173 470 4238 Tibullum,
490 4175 573 4228 vicies
591 4173 634 4228 bis
652 4175 723 4245 apud
741 4175 919 4244 Propertium,
938 4174 1020 4228 semel
1038 4173 1109 4242 apud
1127 4171 1279 4241 Sulpiciam.
1300 4171 1327 4225 Si
1344 4188 1399 4228 raro
1471 4153 1472 4236 i

235 4281 282 4335 pes
300 4265 400 4335 primus
420 4261 534 4332 spondeo
553 4261 679 4328 efficitur,
699 4263 823 4317 Tibullus
841 4264 951 4316 tanturn
970 4262 1053 4316 semel
1071 4262 1184 4316 formam
1202 4259 1324 4314 admisit:

343 4353 414 4420 Quos
432 4351 649 4407 admiratast
666 4352 725 4422 ipsa
743 4367 857 4408 noverca
875 4352 956 4421 prius.
1089 4350 1127 4416 11,
1163 4351 1189 4414 3,
1208 4349 1251 4414 24;

708 387 753 398 -
797 349 841 416 56
887 386 930 398 -

337 526 415 582 Sed'
406 543 461 582 iarn
480 526 515 581 ad
533 527 599 581 fines
618 525 740 581 ordinum
754 526 924 581 metricorum
942 544 990 597 per
1011 543 1134 582 caesuras
1158 527 1303 583 effectorum
1318 531 1396 582 tran-

1471 2785 1472 2854 l
