2970 5056
508 391 729 456 ..33-

459 567 484 636 e)
503 565 714 636 diphthongi
733 583 778 621 ae:

526 677 554 741 α)
577 675 714 728 inarsit

46 780 103 833 ldae
121 784 149 834 et
436 782 459 846 I,
495 783 521 846 2,
540 782 583 837 11.
653 782 752 835 Furiae
770 773 820 836 aut
1032 784 1080 849 IV,
1116 785 1142 849 4,
1160 786 1205 840 41.

47 869 120 922 Vitae
138 873 165 924 et
421 871 459 936 H,
496 873 520 935 1,
541 871 581 925 74.
654 871 774 924 Helenae
792 871 821 922 in
1117 875 1205 939 ’1,31.

47 957 159 1027 Europae
176 962 254 1029 atque
495 961 521 1024 3,
540 961 583 1014 36.
655 960 758 1013 multae
776 963 841 1013 ante
1098 965 1142 1026 20,
1180 967 1205 1019 9.

457 1066 484 1136 β)
503 1068 536 1120 in
554 1067 656 1134 longa
670 1067 780 1120 thesi:

49 1172 174 1226 Demissae
191 1174 219 1226 in
237 1173 289 1238 111,
307 1175 351 1237 31,
370 1174 413 1227 31.

145 1262 242 1328 Quibus
268 1263 311 1316 ita
338 1263 493 1331 compositis
518 1279 604 1332 neque
628 1263 779 1328 Tibullum,
805 1279 893 1332 neque
911 1264 1095 1333 Lygdamum,
1121 1283 1206 1338 neque

51 1349 201 1404 laudatorem
219 1351 361 1405 Messallae
379 1351 486 1418 regulas
504 1352 580 1420 prius
598 1351 736 1420 adpositas
754 1353 869 1406 violasse
888 1352 1017 1419 uidemus,
1036 1356 1206 1426 Propertium

33 1454 234 1508 ¹nonnumquam
251 1439 363 1494 liberius
382 1457 409 1493 se
427 1442 551 1508 gessisse.
588 1440 719 1494 Attamen
737 1445 843 1509 praeter
868 1445 1036 1511 exceptiones
1055 1449 1111 1498 tres
1128 1463 1206 1515 prop-

52 1529 89 1579 ter
104 1530 203 1582 nomina
214 1531 320 1598 propria
333 1528 471 1593 admissas,
483 1533 593 1582 tantum
609 1534 752 1599 sequentes
771 1532 939 1586 invenimus:
958 1533 1081 1587 Merito
1099 1535 1206 1589 bama·

53 1617 100 1679 tis,
118 1619 205 1671 11110
223 1620 386 1688 amplexu,
405 1635 498 1672 nemo
523 1622 623 1684 esset,
647 1621 793 1673 inmorso
815 1621 988 1689 aequales,
1012 1623 1206 1692 quaerendo

54 1704 167 1770 audita,
186 1724 274 1761 nomo
292 1707 383 1772 adeo,
397 1724 411 1760 1
424 1707 521 1777 quibus
533 1708 661 1776 exemplis
673 1711 793 1777 apparet,
806 1709 903 1762 nullibi
917 1711 1001 1764 nisio
1013 1711 1090 1765 finali
1101 1729 1207 1781 praece-

55 1792 123 1847 dente
132 1797 291 1864 regulasesse
304 1797 431 1861 violatas,
447 1813 529 1866 guare
544 1798 731 1862 coniecturam,
743 1814 822 1866 quam
838 1800 985 1866 ingenuose
998 1801 1086 1853 critici
1099 1803 1208 1855 invene·

54 1887 116 1946 runt,
128 1888 278 1954 coniugii
291 1886 527 1954 obscaeni3pro
541 1885 671 1955 illoquod
682 1887 757 1954 prius
769 1887 919 1954 legebatur,
933 1889 1208 1956 coniugis,minus

55 1971 150 2037 probare
166 1991 309 2042 possumus.
335 1975 424 2028 Unum
442 1975 515 2028 enim
534 1976 683 2044 exemplum
702 1976 767 2029 talis
786 1977 908 2030 elisionis
930 1981 1001 2032 esset
1019 1983 1063 2032 sat
1081 1978 1209 2034 audacter

56 2059 80 2110 iu
95 2061 207 2130 Properti
224 2065 343 2116 carmina
362 2063 562 2117 introductum!
599 2063 675 2129 Quod
694 2080 757 2117 uero
776 2065 879 2119 attinet
897 2065 932 2120 ad
950 2067 1089 2120 elisionem
1108 2067 1209 2121 vocalis

56 2145 138 2216 longae
154 2154 215 2205 ante
232 2152 350 2215 brevem,
369 2151 402 2206 de
421 2153 532 2207 elisione
551 2154 652 2206 vocalis
670 2170 730 2206 curn
747 2155 834 2222 prima
853 2156 925 2208 vocis
943 2171 1003 2222 ego
1023 2156 1128 2225 syllaba
1147 2173 1208 2210 con-

57 2240 176 2303 currentis,
202 2241 255 2294 iam
274 2241 349 2309 prius
366 2257 451 2310 pauca
472 2241 670 2306 adnotavimus,
689 2257 707 2296 o
732 2243 814 2295 finale
833 2243 905 2296 vocis
923 2247 1005 2311 puto
1023 2261 1102 2312 saepe
1120 2244 1209 2298 brevis

58 2327 140 2380 uocalis
157 2329 239 2382 locum
258 2333 352 2384 tenere
370 2331 555 2396 notandumst,
584 2333 626 2386 ita
644 2336 677 2386 nt
694 2333 784 2386 minus
802 2332 888 2386 bonae
907 2334 1033 2386 elisiones
1051 2338 1209 2388 remaneant

61 2415 117 2481 apud
129 2417 260 2472 Tibullum
271 2436 334 2483 una,
357 2421 474 2489 quinque
487 2421 559 2490 apud
571 2422 740 2490 Propertium
747 2443 755 2486 ;
774 2439 838 2475 nam
855 2436 873 2476 0
894 2423 976 2477 finale
989 2424 1061 2477 10111
1074 2422 1208 2492 qnando

60 2507 147 2574 saepius
164 2509 258 2578 corripi
276 2510 331 2562 iam
349 2509 502 2564 Schultaius
519 2511 538 2565 l.
558 2527 579 2565 c.
599 2510 806 2565 demonstrarit.

583 2689 611 2770 e.
636 2691 667 2753 a.

103 2843 141 2898 De
158 2846 320 2901 versibus
339 2845 422 2900 duas
445 2847 605 2916 pluresve
632 2847 863 2916 synaloephas
881 2849 1156 2904 continentibus.

148 2970 300 3040 Elegiarnm
313 2972 463 3040 scriptores,
482 2989 564 3041 quum
577 2971 612 3024 ad
624 2971 810 3026 delectandum
822 2974 913 3041 potius
926 2990 1007 3042 qnam
1018 2974 1053 3028 ad
1065 2974 1211 3028 docendum

63 3057 1211 3133 reladflagellanddmcarminaconscripserint,maximeiuredequaloquimur,caute

63 3150 144 3201 versati
160 3153 230 3213 sunt,
257 3152 300 3204 ita
317 3154 351 3204 ut
368 3167 460 3204 sersus
478 3149 544 3203 duas
563 3151 741 3219 synaloephas
759 3153 938 3216 continentes,
966 3154 1012 3221 qui
1039 3170 1104 3206 sane
1122 3153 1211 3207 indul·

62 3239 137 3301 gentis
153 3242 250 3294 maiore
268 3239 347 3308 digni
371 3244 435 3294 sunt
458 3257 537 3310 qnam
565 3258 665 3308 versus,
684 3240 830 3310 inquibus
848 3244 904 3294 tres
922 3241 966 3294 111
983 3243 1114 3310 quattuor
1131 3259 1211 3311 syna-

62 3323 151 3394 loephae
168 3331 351 3393 inueniuntur,
369 3346 432 3384 raro
450 3330 521 3399 apud
539 3331 672 3398 elegiacos
690 3331 827 3398 legantur.
864 3329 918 3395 Qui
936 3345 999 3383 1110
1023 3332 1121 3398 optimi
1139 3333 1212 3384 inter

63 3414 118 3481 ipsos
132 3418 245 3472 habendi
263 3413 320 3473 s'iut
337 3436 437 3483 versus,
456 3421 609 3474 Schultzius
628 3421 683 3474 iarn
702 3419 843 3482 indicavit,
868 3435 950 3488 panca
969 3423 1061 3472 tamen
1081 3420 1114 3473 de
1132 3437 1164 3473 ea
1182 3437 1211 3473 re

14 3573 15 3580 ἵ
64 3503 175 3560 addemus.
210 3508 359 3562 Elisionem
376 3510 448 3562 enim
467 3508 1135 3577 101111111110111111111111011111101111111
1157 3510 1212 3562 usi-

63 3595 132 3648 tatam
148 3597 227 3651 fuisse
245 3599 300 3650 iam
317 3600 392 3666 prins
410 3598 607 3663 adnotavimus,
627 3615 709 3668 quare
722 3599 833 3652 etiamsi
851 3601 895 3652 ter
907 3598 951 3652 vol
963 3601 1060 3667 quater
1078 3601 1108 3652 in
1120 3599 1212 3653 eodem

65 3699 125 3738 uersu
139 3687 281 3755 legeretur,
299 3692 380 3756 poeta
398 3691 492 3741 contra
510 3689 664 3756 elegantiae
683 3687 757 3756 leges
769 3703 889 3756 peccasse
908 3704 962 3740 non
981 3687 1127 3741 videretur.
1150 3688 1213 3742 Est

65 3791 112 3828 1110
127 3779 293 3832 coniunctum
311 3779 407 3832 elisum
429 3795 489 3832 cnm
507 3779 563 3832 alia
587 3779 699 3832 elisione
717 3779 760 3831 ita
777 3776 940 3830 considerari
958 3775 1049 3840 debet,
1068 3793 1099 3830 ac
1117 3777 1141 3830 si
1159 3794 1212 3831 non

65 3863 156 3921 adesset.
190 3868 277 3921 Elisio
295 3867 393 3936 duplex
410 3868 511 3921 uocalis
529 3882 546 3922 e
564 3868 594 3920 in
612 3866 705 3921 eodem
723 3883 803 3920 111111
821 3869 927 3934 reperta
945 3863 1085 3919 ordinibus
1103 3867 1214 3934 optimis

65 3957 159 4021 proxime
176 3957 293 4020 accedit;
311 3959 435 4026 sequitur
452 3957 529 4010 illam
547 3957 625 4010 elisio
643 3956 713 4010 alius
731 3955 830 4008 vocalis
849 3971 908 4007 cum
927 3955 1013 4007 vocali
1032 3969 1048 4008 e
1067 3956 1134 4008 elisa
1152 3971 1213 4008 con-

15 4105 16 4120 *
66 4043 149 4110 imcta;
171 4064 218 4116 pro
241 4048 331 4099 minus
354 4046 434 4099 bonis
451 4045 569 4099 babendi
586 4049 652 4100 sunt
669 4062 761 4098 uersus
779 4045 832 4106 illi,
856 4043 886 4096 in
905 4042 1002 4112 quibus
1020 4043 1089 4098 duae
1106 4047 1214 4112 praeter

14 4131 16 4196 j
66 4132 112 4187 illas
131 4153 193 4204 quas
219 4137 418 4189 nominavimus
444 4137 570 4189 elisiones
593 4135 778 4188 inveniuntur.
815 4133 856 4187 De
874 4133 996 4187 uersibus
1014 4137 1070 4187 tres
1088 4134 1214 4186 elisiones

66 4223 243 4278 conduentibus
261 4227 355 4292 postea
372 4225 521 4293 loquemur.
549 4224 649 4278 Versus
666 4226 758 4276 autem
777 4223 807 4276 in
826 4221 924 4292 quibus
941 4221 1011 4275 duae
1029 4223 1154 4275 elisiones
1171 4222 1214 4272 in·

14 4329 16 4380 3
67 4313 196 4378 veniuntur,
225 4313 350 4366 Tibullus
367 4316 458 4382 posuit
476 4312 614 4376 tredecim,
641 4311 798 4381 Lygdamus
826 4312 901 4378 duos,
928 4311 1054 4365 laudator
1071 4308 1215 4362 Messallae

15 4393 16 4430 ³
67 4401 115 4465 tres,
129 4403 280 4472 Propertius
298 4404 451 4470 nonaginta
469 4407 526 4458 tres
544 4402 599 4472 (rel
617 4400 702 4471 dnos.)
