<?xml version="1.0" encoding="UTF-8"?>
<!DOCTYPE html PUBLIC "-//W3C//DTD XHTML 1.0 Transitional//EN"
    "http://www.w3.org/TR/xhtml1/DTD/xhtml1-transitional.dtd">
<html xmlns="http://www.w3.org/1999/xhtml" xml:lang="en" lang="en">
 <head>
  <title>
</title>
<meta http-equiv="Content-Type" content="text/html;charset=utf-8" />
  <meta name='ocr-system' content='tesseract 3.04.00' />
  <meta name='ocr-capabilities' content='ocr_page ocr_carea ocr_par ocr_line ocrx_word'/>
</head>
<body>
  <div class='ocr_page' id='page_1' title='image "./demetricisinter00engbgoog_0016.png"; bbox 0 0 2970 5056; ppageno 0'>
   <div class='ocr_carea' id='block_1_1' title="bbox 539 399 765 476">
    <p class='ocr_par' dir='ltr' id='par_1_1' title="bbox 539 399 765 476">
     <span class='ocr_line' id='line_1_1' title="bbox 539 399 765 476; baseline 0.004 -11"><span class='ocrx_word' id='word_1_1' title='bbox 539 437 590 475; x_wconf 59' lang='lat'>,—</span> <span class='ocrx_word' id='word_1_2' title='bbox 633 399 677 466; x_wconf 57' lang='lat'>213</span> <span class='ocrx_word' id='word_1_3' title='bbox 716 437 765 476; x_wconf 65' lang='grc'>,-</span> 
     </span>
    </p>
   </div>
   <div class='ocr_carea' id='block_1_2' title="bbox 64 575 1244 1106">
    <p class='ocr_par' dir='ltr' id='par_1_2' title="bbox 64 575 1244 1106">
     <span class='ocr_line' id='line_1_2' title="bbox 66 575 1243 648; baseline 0 -14"><span class='ocrx_word' id='word_1_4' title='bbox 66 579 200 648; x_wconf 85' lang='lat' dir='ltr'>legnntur</span> <span class='ocrx_word' id='word_1_5' title='bbox 224 575 349 632; x_wconf 84' lang='lat' dir='ltr'>undecim</span> <span class='ocrx_word' id='word_1_6' title='bbox 376 578 542 630; x_wconf 76' lang='grc'><strong>1111111111</strong></span> <span class='ocrx_word' id='word_1_7' title='bbox 571 576 748 646; x_wconf 77' lang='lat' dir='ltr'><strong>synaloephas</strong></span> <span class='ocrx_word' id='word_1_8' title='bbox 774 577 952 642; x_wconf 80' lang='lat' dir='ltr'>continentes,</span> <span class='ocrx_word' id='word_1_9' title='bbox 980 577 1054 632; x_wconf 91' lang='lat' dir='ltr'>inter</span> <span class='ocrx_word' id='word_1_10' title='bbox 1082 593 1148 648; x_wconf 88' lang='lat' dir='ltr'>quos</span> <span class='ocrx_word' id='word_1_11' title='bbox 1174 585 1243 634; x_wconf 84' lang='grc'><strong>111111</strong></span> 
     </span>
     <span class='ocr_line' id='line_1_3' title="bbox 65 665 1243 739; baseline 0.001 -18"><span class='ocrx_word' id='word_1_12' title='bbox 65 669 133 736; x_wconf 88' lang='grc' dir='ltr'>(ΙΠ,</span> <span class='ocrx_word' id='word_1_13' title='bbox 153 669 197 733; x_wconf 80' lang='lat'>30,</span> <span class='ocrx_word' id='word_1_14' title='bbox 215 668 262 736; x_wconf 84' lang='lat'>45)</span> <span class='ocrx_word' id='word_1_15' title='bbox 280 668 388 736; x_wconf 89' lang='lat' dir='ltr'>praeter</span> <span class='ocrx_word' id='word_1_16' title='bbox 406 668 462 719; x_wconf 89' lang='lat' dir='ltr'>tres</span> <span class='ocrx_word' id='word_1_17' title='bbox 491 665 668 734; x_wconf 82' lang='lat' dir='ltr'>synaloephas</span> <span class='ocrx_word' id='word_1_18' title='bbox 693 665 757 718; x_wconf 89' lang='lat' dir='ltr'>duro</span> <span class='ocrx_word' id='word_1_19' title='bbox 783 665 862 720; x_wconf 92' lang='lat' dir='ltr'>hiatu</span> <span class='ocrx_word' id='word_1_20' title='bbox 885 666 1024 736; x_wconf 86' lang='lat' dir='ltr'>displicet;</span> <span class='ocrx_word' id='word_1_21' title='bbox 1043 684 1111 721; x_wconf 91' lang='lat' dir='ltr'>unus</span> <span class='ocrx_word' id='word_1_22' title='bbox 1130 668 1243 739; x_wconf 89' lang='lat' dir='ltr'>denique</span> 
     </span>
     <span class='ocr_line' id='line_1_4' title="bbox 65 754 1244 825; baseline -0.001 -15"><span class='ocrx_word' id='word_1_23' title='bbox 65 773 161 810; x_wconf 86' lang='lat' dir='ltr'>versus</span> <span class='ocrx_word' id='word_1_24' title='bbox 187 755 259 824; x_wconf 89' lang='lat' dir='ltr'>apud</span> <span class='ocrx_word' id='word_1_25' title='bbox 285 755 453 824; x_wconf 72' lang='lat' dir='ltr'>Propertium</span> <span class='ocrx_word' id='word_1_26' title='bbox 482 754 594 822; x_wconf 76' lang='lat' dir='ltr'>proferri</span> <span class='ocrx_word' id='word_1_27' title='bbox 621 757 712 822; x_wconf 88' lang='lat' dir='ltr'>potest</span> <span class='ocrx_word' id='word_1_28' title='bbox 739 757 868 823; x_wconf 91' lang='lat' dir='ltr'>quattuor</span> <span class='ocrx_word' id='word_1_29' title='bbox 894 755 1071 825; x_wconf 85' lang='lat' dir='ltr'>synaloephas</span> <span class='ocrx_word' id='word_1_30' title='bbox 1096 757 1244 812; x_wconf 86' lang='lat' dir='ltr'>continens.</span> 
     </span>
     <span class='ocr_line' id='line_1_5' title="bbox 64 842 1242 914; baseline 0.003 -16"><span class='ocrx_word' id='word_1_31' title='bbox 64 847 215 900; x_wconf 83' lang='lat' dir='ltr'>Praeterea</span> <span class='ocrx_word' id='word_1_32' title='bbox 232 844 262 899; x_wconf 89' lang='lat' dir='ltr'>id</span> <span class='ocrx_word' id='word_1_33' title='bbox 280 860 385 914; x_wconf 88' lang='lat' dir='ltr'>quoque</span> <span class='ocrx_word' id='word_1_34' title='bbox 404 843 588 906; x_wconf 91' lang='lat' dir='ltr'>notandumst,</span> <span class='ocrx_word' id='word_1_35' title='bbox 609 842 747 896; x_wconf 83' lang='lat' dir='ltr'>Tibullum</span> <span class='ocrx_word' id='word_1_36' title='bbox 765 843 795 896; x_wconf 92' lang='lat' dir='ltr'>in</span> <span class='ocrx_word' id='word_1_37' title='bbox 814 843 926 898; x_wconf 88' lang='lat' dir='ltr'>eandem</span> <span class='ocrx_word' id='word_1_38' title='bbox 945 845 1061 913; x_wconf 84' lang='lat' dir='ltr'>elegiam</span> <span class='ocrx_word' id='word_1_39' title='bbox 1079 863 1163 900; x_wconf 90' lang='lat' dir='ltr'>unum</span> <span class='ocrx_word' id='word_1_40' title='bbox 1181 850 1242 901; x_wconf 86' lang='lat' dir='ltr'>tan-</span> 
     </span>
     <span class='ocr_line' id='line_1_6' title="bbox 64 932 1243 1005; baseline 0.001 -18"><span class='ocrx_word' id='word_1_41' title='bbox 64 938 128 988; x_wconf 91' lang='lat' dir='ltr'>tum</span> <span class='ocrx_word' id='word_1_42' title='bbox 148 933 261 988; x_wconf 90' lang='lat' dir='ltr'>duarum</span> <span class='ocrx_word' id='word_1_43' title='bbox 286 933 507 1002; x_wconf 85' lang='lat' dir='ltr'>synaloepharum</span> <span class='ocrx_word' id='word_1_44' title='bbox 533 945 651 996; x_wconf 86' lang='lat' dir='ltr'>versum,</span> <span class='ocrx_word' id='word_1_45' title='bbox 670 949 802 1002; x_wconf 86' lang='lat' dir='ltr'>nusquam</span> <span class='ocrx_word' id='word_1_46' title='bbox 820 932 886 988; x_wconf 92' lang='lat' dir='ltr'>duos</span> <span class='ocrx_word' id='word_1_47' title='bbox 905 933 1054 999; x_wconf 83' lang='lat' dir='ltr'>admisisse,</span> <span class='ocrx_word' id='word_1_48' title='bbox 1074 935 1243 1005; x_wconf 83' lang='lat' dir='ltr'>Lygdamum</span> 
     </span>
     <span class='ocr_line' id='line_1_7' title="bbox 64 1021 1127 1106; baseline 0.002 -29"><span class='ocrx_word' id='word_1_49' title='bbox 64 1023 152 1077; x_wconf 87' lang='lat' dir='ltr'>semel</span> <span class='ocrx_word' id='word_1_50' title='bbox 171 1025 201 1076; x_wconf 92' lang='lat' dir='ltr'>in</span> <span class='ocrx_word' id='word_1_51' title='bbox 219 1025 317 1093; x_wconf 87' lang='lat' dir='ltr'>quarta</span> <span class='ocrx_word' id='word_1_52' title='bbox 335 1021 439 1106; x_wconf 67' lang='lat' dir='ltr'>elegia,</span> <span class='ocrx_word' id='word_1_53' title='bbox 451 1021 621 1090; x_wconf 89' lang='lat' dir='ltr'>Propertium</span> <span class='ocrx_word' id='word_1_54' title='bbox 639 1021 795 1091; x_wconf 88' lang='lat' dir='ltr'>saepissime</span> <span class='ocrx_word' id='word_1_55' title='bbox 815 1023 855 1090; x_wconf 83' lang='lat' dir='ltr'>(in</span> <span class='ocrx_word' id='word_1_56' title='bbox 874 1023 992 1091; x_wconf 84' lang='lat' dir='ltr'>triginta</span> <span class='ocrx_word' id='word_1_57' title='bbox 1011 1025 1127 1094; x_wconf 90' lang='lat' dir='ltr'>elegiis).</span> 
     </span>
    </p>
   </div>
   <div class='ocr_carea' id='block_1_3' title="bbox 609 1147 701 1230">
    <p class='ocr_par' dir='ltr' id='par_1_3' title="bbox 609 1147 701 1230">
     <span class='ocr_line' id='line_1_8' title="bbox 609 1147 701 1230; baseline -0.011 -17"><span class='ocrx_word' id='word_1_58' title='bbox 609 1147 638 1230; x_wconf 71' lang='grc'>1.</span> <span class='ocrx_word' id='word_1_59' title='bbox 671 1149 701 1213; x_wconf 83' lang='lat' dir='ltr'>a.</span> 
     </span>
    </p>
   </div>
   <div class='ocr_carea' id='block_1_4' title="bbox 408 1271 902 1342">
    <p class='ocr_par' dir='ltr' id='par_1_4' title="bbox 408 1271 902 1342">
     <span class='ocr_line' id='line_1_9' title="bbox 408 1271 902 1342; baseline 0.002 -16"><span class='ocrx_word' id='word_1_60' title='bbox 408 1271 454 1326; x_wconf 89' lang='lat' dir='ltr'>De</span> <span class='ocrx_word' id='word_1_61' title='bbox 479 1271 630 1339; x_wconf 91' lang='lat' dir='ltr'>singulis</span> <span class='ocrx_word' id='word_1_62' title='bbox 658 1272 902 1342; x_wconf 88' lang='lat' dir='ltr'>synaloephis.</span> 
     </span>
    </p>
   </div>
   <div class='ocr_carea' id='block_1_5' title="bbox 64 1377 1243 1983">
    <p class='ocr_par' dir='ltr' id='par_1_5' title="bbox 64 1377 1243 1983">
     <span class='ocr_line' id='line_1_10' title="bbox 177 1377 1242 1449; baseline 0.002 -16"><span class='ocrx_word' id='word_1_63' title='bbox 177 1379 254 1434; x_wconf 84' lang='lat' dir='ltr'>Inter</span> <span class='ocrx_word' id='word_1_64' title='bbox 273 1378 449 1448; x_wconf 90' lang='lat' dir='ltr'>synaloephas</span> <span class='ocrx_word' id='word_1_65' title='bbox 467 1381 522 1432; x_wconf 89' lang='lat' dir='ltr'>tres</span> <span class='ocrx_word' id='word_1_66' title='bbox 541 1377 646 1432; x_wconf 84' lang='lat' dir='ltr'>ordines</span> <span class='ocrx_word' id='word_1_67' title='bbox 664 1378 795 1432; x_wconf 89' lang='lat' dir='ltr'>constitui</span> <span class='ocrx_word' id='word_1_68' title='bbox 814 1382 939 1448; x_wconf 85' lang='lat' dir='ltr'>possunt,</span> <span class='ocrx_word' id='word_1_69' title='bbox 960 1379 1007 1449; x_wconf 91' lang='lat' dir='ltr'>qui</span> <span class='ocrx_word' id='word_1_70' title='bbox 1026 1381 1135 1434; x_wconf 91' lang='lat' dir='ltr'>omuino</span> <span class='ocrx_word' id='word_1_71' title='bbox 1154 1379 1242 1436; x_wconf 90' lang='lat' dir='ltr'>diver·</span> 
     </span>
     <span class='ocr_line' id='line_1_11' title="bbox 65 1466 1243 1537; baseline 0.002 -15"><span class='ocrx_word' id='word_1_72' title='bbox 65 1469 107 1522; x_wconf 89' lang='lat' dir='ltr'>sis</span> <span class='ocrx_word' id='word_1_73' title='bbox 125 1468 212 1522; x_wconf 89' lang='lat' dir='ltr'>modis</span> <span class='ocrx_word' id='word_1_74' title='bbox 236 1485 251 1522; x_wconf 89' lang='lat' dir='ltr'>a</span> <span class='ocrx_word' id='word_1_75' title='bbox 269 1468 358 1537; x_wconf 86' lang='lat' dir='ltr'>poetis</span> <span class='ocrx_word' id='word_1_76' title='bbox 377 1466 584 1530; x_wconf 86' lang='lat' dir='ltr'>adhibebantur,</span> <span class='ocrx_word' id='word_1_77' title='bbox 603 1483 666 1520; x_wconf 91' lang='lat' dir='ltr'>nam</span> <span class='ocrx_word' id='word_1_78' title='bbox 685 1468 728 1521; x_wconf 88' lang='lat' dir='ltr'>vel</span> <span class='ocrx_word' id='word_1_79' title='bbox 747 1468 847 1522; x_wconf 88' lang='lat' dir='ltr'>vocalis</span> <span class='ocrx_word' id='word_1_80' title='bbox 867 1467 955 1522; x_wconf 89' lang='lat' dir='ltr'>brevis</span> <span class='ocrx_word' id='word_1_81' title='bbox 980 1469 1106 1523; x_wconf 79' lang='lat' dir='ltr'>coalescit</span> <span class='ocrx_word' id='word_1_82' title='bbox 1124 1486 1184 1523; x_wconf 89' lang='lat' dir='ltr'>eum</span> <span class='ocrx_word' id='word_1_83' title='bbox 1202 1486 1243 1524; x_wconf 90' lang='lat' dir='ltr'>se·</span> 
     </span>
     <span class='ocr_line' id='line_1_12' title="bbox 66 1556 1243 1627; baseline 0.002 -17"><span class='ocrx_word' id='word_1_84' title='bbox 66 1559 167 1627; x_wconf 91' lang='lat' dir='ltr'>quenti</span> <span class='ocrx_word' id='word_1_85' title='bbox 186 1558 271 1612; x_wconf 83' lang='lat' dir='ltr'>vocali</span> <span class='ocrx_word' id='word_1_86' title='bbox 288 1557 365 1611; x_wconf 87' lang='lat' dir='ltr'>brevi</span> <span class='ocrx_word' id='word_1_87' title='bbox 384 1558 427 1611; x_wconf 86' lang='grc'>111</span> <span class='ocrx_word' id='word_1_88' title='bbox 446 1559 524 1610; x_wconf 88' lang='lat' dir='ltr'>acuta</span> <span class='ocrx_word' id='word_1_89' title='bbox 543 1557 587 1609; x_wconf 87' lang='lat' dir='ltr'>vel</span> <span class='ocrx_word' id='word_1_90' title='bbox 605 1556 694 1624; x_wconf 87' lang='lat' dir='ltr'>longa,</span> <span class='ocrx_word' id='word_1_91' title='bbox 715 1557 758 1610; x_wconf 89' lang='grc'>111</span> <span class='ocrx_word' id='word_1_92' title='bbox 784 1558 884 1612; x_wconf 89' lang='lat' dir='ltr'>vocalis</span> <span class='ocrx_word' id='word_1_93' title='bbox 901 1557 999 1622; x_wconf 92' lang='lat' dir='ltr'>media,</span> <span class='ocrx_word' id='word_1_94' title='bbox 1019 1559 1036 1613; x_wconf 90' lang='lat' dir='ltr'>i.</span> <span class='ocrx_word' id='word_1_95' title='bbox 1056 1575 1079 1614; x_wconf 86' lang='lat' dir='ltr'>e.</span> <span class='ocrx_word' id='word_1_96' title='bbox 1098 1559 1195 1612; x_wconf 84' lang='lat' dir='ltr'>vorin</span> <span class='ocrx_word' id='word_1_97' title='bbox 1213 1573 1243 1612; x_wconf 90' lang='lat' dir='ltr'>m</span> 
     </span>
     <span class='ocr_line' id='line_1_13' title="bbox 66 1645 1243 1718; baseline 0.003 -20"><span class='ocrx_word' id='word_1_98' title='bbox 66 1645 195 1699; x_wconf 87' lang='lat' dir='ltr'>desinens</span> <span class='ocrx_word' id='word_1_99' title='bbox 213 1646 331 1701; x_wconf 86' lang='lat' dir='ltr'>abicitur</span> <span class='ocrx_word' id='word_1_100' title='bbox 350 1649 413 1699; x_wconf 89' lang='lat' dir='ltr'>ante</span> <span class='ocrx_word' id='word_1_101' title='bbox 432 1646 514 1699; x_wconf 89' lang='lat' dir='ltr'>aliam</span> <span class='ocrx_word' id='word_1_102' title='bbox 533 1647 661 1709; x_wconf 85' lang='lat' dir='ltr'>vocalem,</span> <span class='ocrx_word' id='word_1_103' title='bbox 681 1647 723 1699; x_wconf 88' lang='lat' dir='ltr'>vel</span> <span class='ocrx_word' id='word_1_104' title='bbox 743 1647 842 1700; x_wconf 83' lang='lat' dir='ltr'>vocalis</span> <span class='ocrx_word' id='word_1_105' title='bbox 861 1649 944 1715; x_wconf 91' lang='lat' dir='ltr'>longa</span> <span class='ocrx_word' id='word_1_106' title='bbox 963 1664 1022 1701; x_wconf 90' lang='lat' dir='ltr'>cum</span> <span class='ocrx_word' id='word_1_107' title='bbox 1041 1648 1165 1718; x_wconf 88' lang='lat' dir='ltr'>sequenti</span> <span class='ocrx_word' id='word_1_108' title='bbox 1183 1663 1243 1701; x_wconf 88' lang='lat' dir='ltr'>coa·</span> 
     </span>
     <span class='ocr_line' id='line_1_14' title="bbox 65 1735 1241 1806; baseline 0.002 -18"><span class='ocrx_word' id='word_1_109' title='bbox 65 1735 150 1788; x_wconf 84' lang='lat' dir='ltr'>lescit</span> <span class='ocrx_word' id='word_1_110' title='bbox 177 1735 219 1788; x_wconf 88' lang='lat' dir='ltr'>vel</span> <span class='ocrx_word' id='word_1_111' title='bbox 247 1735 363 1805; x_wconf 87' lang='lat' dir='ltr'>denique</span> <span class='ocrx_word' id='word_1_112' title='bbox 391 1735 491 1790; x_wconf 87' lang='lat' dir='ltr'>vocalis</span> <span class='ocrx_word' id='word_1_113' title='bbox 519 1752 533 1789; x_wconf 89' lang='lat' dir='ltr'>e</span> <span class='ocrx_word' id='word_1_114' title='bbox 559 1737 589 1789; x_wconf 93' lang='lat' dir='ltr'>in</span> <span class='ocrx_word' id='word_1_115' title='bbox 613 1735 722 1789; x_wconf 88' lang='lat' dir='ltr'>vocibus</span> <span class='ocrx_word' id='word_1_116' title='bbox 749 1739 805 1790; x_wconf 89' lang='lat' dir='ltr'>est</span> <span class='ocrx_word' id='word_1_117' title='bbox 824 1739 852 1791; x_wconf 89' lang='lat' dir='ltr'>ct</span> <span class='ocrx_word' id='word_1_118' title='bbox 876 1754 908 1790; x_wconf 90' lang='lat' dir='ltr'>es</span> <span class='ocrx_word' id='word_1_119' title='bbox 933 1741 994 1806; x_wconf 89' lang='lat' dir='ltr'>post</span> <span class='ocrx_word' id='word_1_120' title='bbox 1022 1737 1105 1791; x_wconf 89' lang='lat' dir='ltr'>aliam</span> <span class='ocrx_word' id='word_1_121' title='bbox 1124 1737 1241 1791; x_wconf 85' lang='lat' dir='ltr'>v&#39;ocalem</span> 
     </span>
     <span class='ocr_line' id='line_1_15' title="bbox 64 1823 1243 1902; baseline 0.002 -25"><span class='ocrx_word' id='word_1_122' title='bbox 64 1841 117 1894; x_wconf 89' lang='lat' dir='ltr'>per</span> <span class='ocrx_word' id='word_1_123' title='bbox 136 1824 301 1892; x_wconf 88' lang='lat' dir='ltr'>aphaeresim</span> <span class='ocrx_word' id='word_1_124' title='bbox 327 1823 457 1888; x_wconf 88' lang='lat' dir='ltr'>abicitur,</span> <span class='ocrx_word' id='word_1_125' title='bbox 480 1825 527 1893; x_wconf 89' lang='lat' dir='ltr'>qui</span> <span class='ocrx_word' id='word_1_126' title='bbox 545 1825 609 1878; x_wconf 89' lang='lat' dir='ltr'>ordo</span> <span class='ocrx_word' id='word_1_127' title='bbox 629 1825 705 1894; x_wconf 90' lang='lat' dir='ltr'>quasi</span> <span class='ocrx_word' id='word_1_128' title='bbox 726 1828 838 1894; x_wconf 85' lang='lat' dir='ltr'>quartus</span> <span class='ocrx_word' id='word_1_129' title='bbox 857 1825 944 1902; x_wconf 84' lang='lat' dir='ltr'>tribus</span> <span class='ocrx_word' id='word_1_130' title='bbox 962 1826 1096 1894; x_wconf 87' lang='lat' dir='ltr'>prioribus</span> <span class='ocrx_word' id='word_1_131' title='bbox 1115 1825 1179 1879; x_wconf 88' lang='lat' dir='ltr'>addi</span> <span class='ocrx_word' id='word_1_132' title='bbox 1196 1841 1243 1895; x_wconf 94' lang='lat' dir='ltr'>po·</span> 
     </span>
     <span class='ocr_line' id='line_1_16' title="bbox 65 1913 1242 1983; baseline 0.002 -17"><span class='ocrx_word' id='word_1_133' title='bbox 65 1916 135 1968; x_wconf 86' lang='lat' dir='ltr'>test.</span> <span class='ocrx_word' id='word_1_134' title='bbox 154 1913 277 1983; x_wconf 90' lang='lat' dir='ltr'>Denique</span> <span class='ocrx_word' id='word_1_135' title='bbox 295 1914 392 1983; x_wconf 89' lang='lat' dir='ltr'>quinto</span> <span class='ocrx_word' id='word_1_136' title='bbox 410 1914 468 1967; x_wconf 89' lang='lat' dir='ltr'>loco</span> <span class='ocrx_word' id='word_1_137' title='bbox 485 1931 570 1983; x_wconf 91' lang='lat' dir='ltr'>pauca</span> <span class='ocrx_word' id='word_1_138' title='bbox 583 1913 616 1968; x_wconf 88' lang='lat' dir='ltr'>dc</span> <span class='ocrx_word' id='word_1_139' title='bbox 635 1914 746 1968; x_wconf 88' lang='lat' dir='ltr'>elisione</span> <span class='ocrx_word' id='word_1_140' title='bbox 764 1915 1009 1983; x_wconf 89' lang='lat' dir='ltr'>monosyllabarum</span> <span class='ocrx_word' id='word_1_141' title='bbox 1022 1914 1119 1968; x_wconf 91' lang='lat' dir='ltr'>addere</span> <span class='ocrx_word' id='word_1_142' title='bbox 1138 1914 1242 1969; x_wconf 90' lang='lat' dir='ltr'>licebit.</span> 
     </span>
    </p>
   </div>
   <div class='ocr_carea' id='block_1_6' title="bbox 338 2055 974 2136">
    <p class='ocr_par' dir='ltr' id='par_1_6' title="bbox 338 2055 974 2136">
     <span class='ocr_line' id='line_1_17' title="bbox 338 2055 974 2136; baseline 0.005 -15"><span class='ocrx_word' id='word_1_143' title='bbox 338 2055 379 2122; x_wconf 83' lang='grc' dir='ltr'>Α.</span> <span class='ocrx_word' id='word_1_144' title='bbox 403 2055 579 2124; x_wconf 80' lang='lat' dir='ltr'>illisiones</span> <span class='ocrx_word' id='word_1_145' title='bbox 599 2056 778 2136; x_wconf 39' lang='lat' dir='ltr'>,vocalium</span> <span class='ocrx_word' id='word_1_146' title='bbox 801 2057 974 2125; x_wconf 82' lang='lat' dir='ltr'>brevium.</span> 
     </span>
    </p>
   </div>
   <div class='ocr_carea' id='block_1_7' title="bbox 66 2179 1317 4478">
    <p class='ocr_par' dir='ltr' id='par_1_7' title="bbox 67 2179 1244 2962">
     <span class='ocr_line' id='line_1_18' title="bbox 177 2179 1242 2251; baseline 0 -17"><span class='ocrx_word' id='word_1_147' title='bbox 177 2180 253 2234; x_wconf 88' lang='lat' dir='ltr'>Inter</span> <span class='ocrx_word' id='word_1_148' title='bbox 272 2180 375 2234; x_wconf 87' lang='lat' dir='ltr'>vocales</span> <span class='ocrx_word' id='word_1_149' title='bbox 398 2179 491 2234; x_wconf 86' lang='lat' dir='ltr'>breves</span> <span class='ocrx_word' id='word_1_150' title='bbox 514 2183 673 2250; x_wconf 88' lang='lat' dir='ltr'>praesertim</span> <span class='ocrx_word' id='word_1_151' title='bbox 697 2182 833 2236; x_wconf 83' lang='grc'><strong>10011110</strong></span> <span class='ocrx_word' id='word_1_152' title='bbox 858 2184 886 2235; x_wconf 88' lang='lat' dir='ltr'>et</span> <span class='ocrx_word' id='word_1_153' title='bbox 914 2181 1068 2250; x_wconf 89' lang='lat' dir='ltr'>saepissime</span> <span class='ocrx_word' id='word_1_154' title='bbox 1087 2180 1195 2251; x_wconf 88' lang='lat' dir='ltr'>quidem</span> <span class='ocrx_word' id='word_1_155' title='bbox 1213 2181 1242 2234; x_wconf 93' lang='lat' dir='ltr'>in</span> 
     </span>
     <span class='ocr_line' id='line_1_19' title="bbox 67 2255 1242 2340; baseline -0.002 -16"><span class='ocrx_word' id='word_1_156' title='bbox 67 2287 135 2324; x_wconf 87' lang='lat' dir='ltr'>voce</span> <span class='ocrx_word' id='word_1_157' title='bbox 153 2270 279 2324; x_wconf 87' lang='lat' dir='ltr'>enclitica</span> <span class='ocrx_word' id='word_1_158' title='bbox 298 2286 367 2339; x_wconf 90' lang='lat' dir='ltr'>que,</span> <span class='ocrx_word' id='word_1_159' title='bbox 387 2272 469 2338; x_wconf 88' lang='lat' dir='ltr'>atqua</span> <span class='ocrx_word' id='word_1_160' title='bbox 487 2270 516 2324; x_wconf 90' lang='lat' dir='ltr'>in</span> <span class='ocrx_word' id='word_1_161' title='bbox 535 2270 643 2324; x_wconf 84' lang='lat' dir='ltr'>vocibus</span> <span class='ocrx_word' id='word_1_162' title='bbox 661 2287 779 2339; x_wconf 89' lang='lat' dir='ltr'>neque,</span> <span class='ocrx_word' id='word_1_163' title='bbox 804 2274 920 2340; x_wconf 89' lang='lat' dir='ltr'>atque,</span> <span class='ocrx_word' id='word_1_164' title='bbox 940 2287 1080 2340; x_wconf 91' lang='lat' dir='ltr'>qnoque,</span> <span class='ocrx_word' id='word_1_165' title='bbox 1099 2255 1242 2339; x_wconf 86' lang='lat' dir='ltr'>namque</span> 
     </span>
     <span class='ocr_line' id='line_1_20' title="bbox 68 2358 1243 2429; baseline 0 -17"><span class='ocrx_word' id='word_1_166' title='bbox 68 2375 155 2429; x_wconf 90' lang='lat' dir='ltr'>quum</span> <span class='ocrx_word' id='word_1_167' title='bbox 172 2362 235 2412; x_wconf 86' lang='lat' dir='ltr'>ante</span> <span class='ocrx_word' id='word_1_168' title='bbox 254 2358 349 2427; x_wconf 90' lang='lat' dir='ltr'>longas</span> <span class='ocrx_word' id='word_1_169' title='bbox 367 2362 425 2412; x_wconf 91' lang='lat' dir='ltr'>tum</span> <span class='ocrx_word' id='word_1_170' title='bbox 445 2358 536 2412; x_wconf 84' lang='lat' dir='ltr'>breves</span> <span class='ocrx_word' id='word_1_171' title='bbox 554 2376 601 2428; x_wconf 92' lang='lat' dir='ltr'>per</span> <span class='ocrx_word' id='word_1_172' title='bbox 619 2358 808 2428; x_wconf 88' lang='lat' dir='ltr'>synaloepham</span> <span class='ocrx_word' id='word_1_173' title='bbox 828 2359 951 2414; x_wconf 89' lang='lat' dir='ltr'>abicitur.</span> <span class='ocrx_word' id='word_1_174' title='bbox 976 2360 1034 2426; x_wconf 84' lang='lat' dir='ltr'>Qua</span> <span class='ocrx_word' id='word_1_175' title='bbox 1052 2361 1128 2413; x_wconf 86' lang='lat' dir='ltr'>inre</span> <span class='ocrx_word' id='word_1_176' title='bbox 1146 2362 1243 2413; x_wconf 92' lang='lat' dir='ltr'>notan·</span> 
     </span>
     <span class='ocr_line' id='line_1_21' title="bbox 68 2443 1243 2512; baseline 0.002 -12"><span class='ocrx_word' id='word_1_177' title='bbox 68 2447 170 2512; x_wconf 88' lang='lat' dir='ltr'>dumst,</span> <span class='ocrx_word' id='word_1_178' title='bbox 190 2447 277 2500; x_wconf 87' lang='lat' dir='ltr'>virum</span> <span class='ocrx_word' id='word_1_179' title='bbox 303 2445 487 2500; x_wconf 89' lang='lat' dir='ltr'>doctissimum</span> <span class='ocrx_word' id='word_1_180' title='bbox 511 2447 541 2501; x_wconf 90' lang='lat' dir='ltr'>L.</span> <span class='ocrx_word' id='word_1_181' title='bbox 561 2443 720 2502; x_wconf 87' lang='lat' dir='ltr'>Muellerum</span> <span class='ocrx_word' id='word_1_182' title='bbox 744 2449 773 2502; x_wconf 92' lang='lat' dir='ltr'>in</span> <span class='ocrx_word' id='word_1_183' title='bbox 797 2447 866 2502; x_wconf 91' lang='lat' dir='ltr'>libro</span> <span class='ocrx_word' id='word_1_184' title='bbox 890 2447 922 2502; x_wconf 91' lang='lat' dir='ltr'>de</span> <span class='ocrx_word' id='word_1_185' title='bbox 946 2465 974 2502; x_wconf 91' lang='lat' dir='ltr'>re</span> <span class='ocrx_word' id='word_1_186' title='bbox 999 2449 1111 2502; x_wconf 89' lang='lat' dir='ltr'>metrica</span> <span class='ocrx_word' id='word_1_187' title='bbox 1134 2451 1243 2502; x_wconf 92' lang='lat' dir='ltr'>conten·</span> 
     </span>
     <span class='ocr_line' id='line_1_22' title="bbox 68 2535 1243 2606; baseline 0 -16"><span class='ocrx_word' id='word_1_188' title='bbox 68 2535 143 2590; x_wconf 89' lang='lat' dir='ltr'>disse</span> <span class='ocrx_word' id='word_1_189' title='bbox 167 2536 305 2589; x_wconf 86' lang='lat' dir='ltr'>Tibullum</span> <span class='ocrx_word' id='word_1_190' title='bbox 330 2551 392 2589; x_wconf 89' lang='lat' dir='ltr'>voce</span> <span class='ocrx_word' id='word_1_191' title='bbox 417 2553 523 2605; x_wconf 89' lang='lat' dir='ltr'>nequo</span> <span class='ocrx_word' id='word_1_192' title='bbox 547 2538 601 2590; x_wconf 92' lang='lat' dir='ltr'>nisi</span> <span class='ocrx_word' id='word_1_193' title='bbox 626 2553 679 2590; x_wconf 90' lang='lat' dir='ltr'>uno</span> <span class='ocrx_word' id='word_1_194' title='bbox 698 2537 754 2590; x_wconf 88' lang='lat' dir='ltr'>loco</span> <span class='ocrx_word' id='word_1_195' title='bbox 779 2541 888 2606; x_wconf 85' lang='lat' dir='ltr'>excepto</span> <span class='ocrx_word' id='word_1_196' title='bbox 907 2555 961 2591; x_wconf 89' lang='lat' dir='ltr'>non</span> <span class='ocrx_word' id='word_1_197' title='bbox 979 2538 1123 2606; x_wconf 86' lang='lat' dir='ltr'>scripsisse,</span> <span class='ocrx_word' id='word_1_198' title='bbox 1141 2553 1243 2606; x_wconf 90' lang='lat' dir='ltr'>semper</span> 
     </span>
     <span class='ocr_line' id='line_1_23' title="bbox 68 2624 1244 2691; baseline 0.002 -13"><span class='ocrx_word' id='word_1_199' title='bbox 68 2641 135 2678; x_wconf 85' lang='lat' dir='ltr'>vero</span> <span class='ocrx_word' id='word_1_200' title='bbox 159 2624 356 2678; x_wconf 85' lang='lat' dir='ltr'>admittendam</span> <span class='ocrx_word' id='word_1_201' title='bbox 381 2641 437 2678; x_wconf 90' lang='lat' dir='ltr'>csse</span> <span class='ocrx_word' id='word_1_202' title='bbox 460 2625 573 2680; x_wconf 84' lang='lat' dir='ltr'>sormam</span> <span class='ocrx_word' id='word_1_203' title='bbox 592 2626 739 2680; x_wconf 84' lang='lat' dir='ltr'>breuiorem</span> <span class='ocrx_word' id='word_1_204' title='bbox 758 2643 814 2680; x_wconf 87' lang='lat' dir='ltr'>nec</span> <span class='ocrx_word' id='word_1_205' title='bbox 833 2629 916 2680; x_wconf 91' lang='lat' dir='ltr'>etiam</span> <span class='ocrx_word' id='word_1_206' title='bbox 935 2627 957 2691; x_wconf 94' lang='lat' dir='ltr'>l,</span> <span class='ocrx_word' id='word_1_207' title='bbox 978 2629 1002 2691; x_wconf 93' lang='lat'>1,</span> <span class='ocrx_word' id='word_1_208' title='bbox 1022 2627 1063 2681; x_wconf 88' lang='grc'>11.</span> <span class='ocrx_word' id='word_1_209' title='bbox 1093 2627 1195 2681; x_wconf 85' lang='lat' dir='ltr'>Tamen</span> <span class='ocrx_word' id='word_1_210' title='bbox 1213 2627 1244 2680; x_wconf 92' lang='lat' dir='ltr'>in</span> 
     </span>
     <span class='ocr_line' id='line_1_24' title="bbox 68 2713 1243 2784; baseline 0.001 -17"><span class='ocrx_word' id='word_1_211' title='bbox 68 2713 189 2768; x_wconf 87' lang='lat' dir='ltr'>editione</span> <span class='ocrx_word' id='word_1_212' title='bbox 207 2716 300 2782; x_wconf 84' lang='lat' dir='ltr'>postea</span> <span class='ocrx_word' id='word_1_213' title='bbox 318 2713 391 2767; x_wconf 88' lang='lat' dir='ltr'>facta</span> <span class='ocrx_word' id='word_1_214' title='bbox 409 2715 466 2782; x_wconf 91' lang='lat' dir='ltr'>ipse</span> <span class='ocrx_word' id='word_1_215' title='bbox 485 2715 514 2766; x_wconf 92' lang='lat' dir='ltr'>in</span> <span class='ocrx_word' id='word_1_216' title='bbox 533 2715 663 2768; x_wconf 85' lang='grc'><strong>1111164</strong></span> <span class='ocrx_word' id='word_1_217' title='bbox 690 2715 808 2768; x_wconf 90' lang='lat' dir='ltr'>eiusdem</span> <span class='ocrx_word' id='word_1_218' title='bbox 827 2716 929 2783; x_wconf 85' lang='lat' dir='ltr'>elegiae</span> <span class='ocrx_word' id='word_1_219' title='bbox 948 2731 1056 2784; x_wconf 91' lang='lat' dir='ltr'>neque</span> <span class='ocrx_word' id='word_1_220' title='bbox 1074 2714 1243 2770; x_wconf 86' lang='lat' dir='ltr'>scribendum</span> 
     </span>
     <span class='ocr_line' id='line_1_25' title="bbox 67 2802 1243 2880; baseline 0.002 -23"><span class='ocrx_word' id='word_1_221' title='bbox 67 2804 188 2880; x_wconf 84' lang='lat' dir='ltr'>putavit,</span> <span class='ocrx_word' id='word_1_222' title='bbox 207 2802 311 2857; x_wconf 85' lang='lat' dir='ltr'>tradita</span> <span class='ocrx_word' id='word_1_223' title='bbox 335 2803 420 2856; x_wconf 87' lang='lat' dir='ltr'>forma</span> <span class='ocrx_word' id='word_1_224' title='bbox 444 2820 500 2857; x_wconf 90' lang='lat' dir='ltr'>nec</span> <span class='ocrx_word' id='word_1_225' title='bbox 525 2805 554 2856; x_wconf 92' lang='lat' dir='ltr'>in</span> <span class='ocrx_word' id='word_1_226' title='bbox 578 2803 673 2858; x_wconf 87' lang='lat' dir='ltr'>ceteris</span> <span class='ocrx_word' id='word_1_227' title='bbox 697 2803 871 2858; x_wconf 90' lang='lat' dir='ltr'>editionibus.</span> <span class='ocrx_word' id='word_1_228' title='bbox 903 2804 987 2858; x_wconf 90' lang='lat' dir='ltr'>Nobis</span> <span class='ocrx_word' id='word_1_229' title='bbox 1013 2804 1077 2874; x_wconf 90' lang='lat' dir='ltr'>qnid</span> <span class='ocrx_word' id='word_1_230' title='bbox 1096 2805 1128 2859; x_wconf 85' lang='lat' dir='ltr'>de</span> <span class='ocrx_word' id='word_1_231' title='bbox 1147 2806 1197 2859; x_wconf 90' lang='lat' dir='ltr'>hac</span> <span class='ocrx_word' id='word_1_232' title='bbox 1214 2821 1243 2859; x_wconf 90' lang='lat' dir='ltr'>re</span> 
     </span>
     <span class='ocr_line' id='line_1_26' title="bbox 68 2893 586 2962; baseline 0 -16"><span class='ocrx_word' id='word_1_233' title='bbox 68 2909 232 2957; x_wconf 89' lang='lat' dir='ltr'>censeamus,</span> <span class='ocrx_word' id='word_1_234' title='bbox 251 2893 306 2946; x_wconf 90' lang='lat' dir='ltr'>iam</span> <span class='ocrx_word' id='word_1_235' title='bbox 325 2893 505 2962; x_wconf 85' lang='lat' dir='ltr'>exponendum</span> <span class='ocrx_word' id='word_1_236' title='bbox 525 2893 586 2947; x_wconf 88' lang='lat' dir='ltr'>erit.</span> 
     </span>
    </p>

    <p class='ocr_par' dir='ltr' id='par_1_8' title="bbox 66 2981 1317 4478">
     <span class='ocr_line' id='line_1_27' title="bbox 178 2981 1243 3052; baseline 0.002 -16"><span class='ocrx_word' id='word_1_237' title='bbox 178 2983 307 3048; x_wconf 80' lang='lat' dir='ltr'>Quamvis</span> <span class='ocrx_word' id='word_1_238' title='bbox 325 2984 431 3051; x_wconf 89' lang='lat' dir='ltr'>saepius</span> <span class='ocrx_word' id='word_1_239' title='bbox 455 2983 484 3036; x_wconf 92' lang='lat' dir='ltr'>in</span> <span class='ocrx_word' id='word_1_240' title='bbox 509 2981 671 3036; x_wconf 90' lang='lat' dir='ltr'>carminibus</span> <span class='ocrx_word' id='word_1_241' title='bbox 690 2981 866 3046; x_wconf 91' lang='lat' dir='ltr'>Tibullianis,</span> <span class='ocrx_word' id='word_1_242' title='bbox 885 2981 1035 3052; x_wconf 86' lang='lat' dir='ltr'>(duodecies</span> <span class='ocrx_word' id='word_1_243' title='bbox 1053 2983 1082 3035; x_wconf 91' lang='lat' dir='ltr'>in</span> <span class='ocrx_word' id='word_1_244' title='bbox 1101 2983 1170 3037; x_wconf 90' lang='lat' dir='ltr'>libro</span> <span class='ocrx_word' id='word_1_245' title='bbox 1188 2983 1243 3052; x_wconf 89' lang='lat' dir='ltr'>pri·</span> 
     </span>
     <span class='ocr_line' id='line_1_28' title="bbox 66 3070 1243 3141; baseline 0 -15"><span class='ocrx_word' id='word_1_246' title='bbox 66 3089 123 3136; x_wconf 92' lang='lat' dir='ltr'>mo,</span> <span class='ocrx_word' id='word_1_247' title='bbox 142 3074 235 3127; x_wconf 87' lang='lat' dir='ltr'>novies</span> <span class='ocrx_word' id='word_1_248' title='bbox 253 3074 283 3126; x_wconf 92' lang='lat' dir='ltr'>in</span> <span class='ocrx_word' id='word_1_249' title='bbox 301 3073 423 3137; x_wconf 89' lang='lat' dir='ltr'>secundo,</span> <span class='ocrx_word' id='word_1_250' title='bbox 443 3073 472 3126; x_wconf 93' lang='lat' dir='ltr'>in</span> <span class='ocrx_word' id='word_1_251' title='bbox 491 3073 594 3126; x_wconf 80' lang='lat' dir='ltr'>Tibulli</span> <span class='ocrx_word' id='word_1_252' title='bbox 607 3073 703 3140; x_wconf 89' lang='lat' dir='ltr'>elegiis</span> <span class='ocrx_word' id='word_1_253' title='bbox 721 3070 785 3124; x_wconf 91' lang='lat' dir='ltr'>libri</span> <span class='ocrx_word' id='word_1_254' title='bbox 798 3072 888 3140; x_wconf 91' lang='lat' dir='ltr'>quarti</span> <span class='ocrx_word' id='word_1_255' title='bbox 902 3075 1005 3140; x_wconf 87' lang='lat' dir='ltr'>quater,</span> <span class='ocrx_word' id='word_1_256' title='bbox 1024 3070 1155 3125; x_wconf 87' lang='lat' dir='ltr'>terdecies</span> <span class='ocrx_word' id='word_1_257' title='bbox 1172 3071 1243 3141; x_wconf 92' lang='lat' dir='ltr'>apud</span> 
     </span>
     <span class='ocr_line' id='line_1_29' title="bbox 66 3159 1243 3231; baseline -0.001 -16"><span class='ocrx_word' id='word_1_258' title='bbox 66 3161 254 3231; x_wconf 81' lang='lat' dir='ltr'>Lygdamum,</span> <span class='ocrx_word' id='word_1_259' title='bbox 283 3163 381 3231; x_wconf 86' lang='lat' dir='ltr'>septies</span> <span class='ocrx_word' id='word_1_260' title='bbox 399 3163 428 3215; x_wconf 94' lang='lat' dir='ltr'>in</span> <span class='ocrx_word' id='word_1_261' title='bbox 447 3161 525 3216; x_wconf 90' lang='lat' dir='ltr'>laude</span> <span class='ocrx_word' id='word_1_262' title='bbox 549 3162 699 3226; x_wconf 86' lang='lat' dir='ltr'>Messallae,</span> <span class='ocrx_word' id='word_1_263' title='bbox 727 3159 810 3213; x_wconf 87' lang='lat' dir='ltr'>semel</span> <span class='ocrx_word' id='word_1_264' title='bbox 835 3159 905 3228; x_wconf 91' lang='lat' dir='ltr'>apud</span> <span class='ocrx_word' id='word_1_265' title='bbox 931 3159 1090 3228; x_wconf 86' lang='lat' dir='ltr'>Sulpiciam)</span> <span class='ocrx_word' id='word_1_266' title='bbox 1117 3161 1243 3214; x_wconf 89' lang='lat' dir='ltr'>enclitica</span> 
     </span>
     <span class='ocr_line' id='line_1_30' title="bbox 67 3247 1243 3321; baseline -0.001 -17"><span class='ocrx_word' id='word_1_267' title='bbox 67 3268 135 3321; x_wconf 89' lang='lat' dir='ltr'>que</span> <span class='ocrx_word' id='word_1_268' title='bbox 154 3251 287 3305; x_wconf 90' lang='lat' dir='ltr'>coalescat</span> <span class='ocrx_word' id='word_1_269' title='bbox 311 3267 370 3304; x_wconf 87' lang='lat' dir='ltr'>cum</span> <span class='ocrx_word' id='word_1_270' title='bbox 394 3252 479 3305; x_wconf 91' lang='lat' dir='ltr'>vocali</span> <span class='ocrx_word' id='word_1_271' title='bbox 499 3254 642 3321; x_wconf 89' lang='lat' dir='ltr'>sequente,</span> <span class='ocrx_word' id='word_1_272' title='bbox 668 3267 770 3319; x_wconf 90' lang='lat' dir='ltr'>semper</span> <span class='ocrx_word' id='word_1_273' title='bbox 789 3248 817 3302; x_wconf 93' lang='lat' dir='ltr'>id</span> <span class='ocrx_word' id='word_1_274' title='bbox 836 3249 887 3302; x_wconf 89' lang='lat' dir='ltr'>tali</span> <span class='ocrx_word' id='word_1_275' title='bbox 906 3247 984 3301; x_wconf 94' lang='lat' dir='ltr'>modo</span> <span class='ocrx_word' id='word_1_276' title='bbox 1003 3247 1109 3313; x_wconf 87' lang='lat' dir='ltr'>accidit,</span> <span class='ocrx_word' id='word_1_277' title='bbox 1129 3265 1181 3318; x_wconf 93' lang='lat' dir='ltr'>quo</span> <span class='ocrx_word' id='word_1_278' title='bbox 1199 3251 1243 3303; x_wconf 84' lang='lat' dir='ltr'>uel</span> 
     </span>
     <span class='ocr_line' id='line_1_31' title="bbox 68 3337 1242 3410; baseline -0.002 -16"><span class='ocrx_word' id='word_1_279' title='bbox 68 3341 171 3394; x_wconf 85' lang='lat' dir='ltr'>vocalis</span> <span class='ocrx_word' id='word_1_280' title='bbox 189 3340 349 3410; x_wconf 86' lang='lat' dir='ltr'>praecedens</span> <span class='ocrx_word' id='word_1_281' title='bbox 367 3341 450 3408; x_wconf 87' lang='lat' dir='ltr'>longa</span> <span class='ocrx_word' id='word_1_282' title='bbox 468 3341 531 3405; x_wconf 89' lang='lat' dir='ltr'>fiat,</span> <span class='ocrx_word' id='word_1_283' title='bbox 550 3344 582 3395; x_wconf 92' lang='lat' dir='ltr'>nt</span> <span class='ocrx_word' id='word_1_284' title='bbox 600 3341 633 3394; x_wconf 89' lang='lat' dir='ltr'>fit</span> <span class='ocrx_word' id='word_1_285' title='bbox 651 3341 681 3393; x_wconf 94' lang='lat' dir='ltr'>in</span> <span class='ocrx_word' id='word_1_286' title='bbox 699 3355 762 3393; x_wconf 86' lang='lat' dir='ltr'>voce</span> <span class='ocrx_word' id='word_1_287' title='bbox 780 3354 933 3407; x_wconf 88' lang='lat' dir='ltr'>namque,</span> <span class='ocrx_word' id='word_1_288' title='bbox 952 3337 996 3390; x_wconf 87' lang='lat' dir='ltr'>vel</span> <span class='ocrx_word' id='word_1_289' title='bbox 1014 3353 1076 3390; x_wconf 91' lang='lat' dir='ltr'>usus</span> <span class='ocrx_word' id='word_1_290' title='bbox 1095 3337 1178 3392; x_wconf 92' lang='lat' dir='ltr'>aliam</span> <span class='ocrx_word' id='word_1_291' title='bbox 1196 3354 1242 3392; x_wconf 90' lang='grc'>10-</span> 
     </span>
     <span class='ocr_line' id='line_1_32' title="bbox 68 3427 1242 3499; baseline -0.003 -16"><span class='ocrx_word' id='word_1_292' title='bbox 68 3445 128 3483; x_wconf 90' lang='lat' dir='ltr'>cem</span> <span class='ocrx_word' id='word_1_293' title='bbox 151 3445 205 3484; x_wconf 92' lang='lat' dir='ltr'>non</span> <span class='ocrx_word' id='word_1_294' title='bbox 229 3429 374 3494; x_wconf 81' lang='lat' dir='ltr'>admittat,</span> <span class='ocrx_word' id='word_1_295' title='bbox 400 3428 469 3499; x_wconf 92' lang='lat' dir='ltr'>quod</span> <span class='ocrx_word' id='word_1_296' title='bbox 489 3430 517 3483; x_wconf 92' lang='lat' dir='ltr'>in</span> <span class='ocrx_word' id='word_1_297' title='bbox 536 3445 599 3483; x_wconf 86' lang='lat' dir='ltr'>voce</span> <span class='ocrx_word' id='word_1_298' title='bbox 617 3432 718 3498; x_wconf 89' lang='lat' dir='ltr'>atque</span> <span class='ocrx_word' id='word_1_299' title='bbox 737 3431 801 3482; x_wconf 89' lang='lat' dir='ltr'>ante</span> <span class='ocrx_word' id='word_1_300' title='bbox 820 3428 925 3481; x_wconf 87' lang='grc'><strong>1001111</strong></span> <span class='ocrx_word' id='word_1_301' title='bbox 942 3428 1032 3495; x_wconf 90' lang='lat' dir='ltr'>posita</span> <span class='ocrx_word' id='word_1_302' title='bbox 1051 3428 1149 3480; x_wconf 82' lang='lat' dir='ltr'>euenit.</span> <span class='ocrx_word' id='word_1_303' title='bbox 1169 3427 1242 3482; x_wconf 87' lang='lat' dir='ltr'>Sem·</span> 
     </span>
     <span class='ocr_line' id='line_1_33' title="bbox 68 3516 1241 3588; baseline -0.003 -15"><span class='ocrx_word' id='word_1_304' title='bbox 68 3535 205 3588; x_wconf 81' lang='lat' dir='ltr'>paruero,</span> <span class='ocrx_word' id='word_1_305' title='bbox 224 3517 319 3571; x_wconf 90' lang='lat' dir='ltr'>duobis</span> <span class='ocrx_word' id='word_1_306' title='bbox 338 3518 402 3571; x_wconf 91' lang='lat' dir='ltr'>locis</span> <span class='ocrx_word' id='word_1_307' title='bbox 421 3519 545 3587; x_wconf 83' lang='lat' dir='ltr'>exceptis,</span> <span class='ocrx_word' id='word_1_308' title='bbox 569 3533 627 3572; x_wconf 86' lang='lat' dir='ltr'>nec</span> <span class='ocrx_word' id='word_1_309' title='bbox 646 3519 775 3587; x_wconf 87' lang='lat' dir='ltr'>scriptum</span> <span class='ocrx_word' id='word_1_310' title='bbox 794 3517 909 3585; x_wconf 90' lang='lat' dir='ltr'>legimus</span> <span class='ocrx_word' id='word_1_311' title='bbox 928 3519 1036 3585; x_wconf 90' lang='lat' dir='ltr'>propter</span> <span class='ocrx_word' id='word_1_312' title='bbox 1061 3516 1149 3570; x_wconf 87' lang='lat' dir='ltr'>varias</span> <span class='ocrx_word' id='word_1_313' title='bbox 1168 3532 1241 3570; x_wconf 91' lang='lat' dir='ltr'>oaus-</span> 
     </span>
     <span class='ocr_line' id='line_1_34' title="bbox 69 3603 1241 3676; baseline -0.003 -14"><span class='ocrx_word' id='word_1_314' title='bbox 69 3626 128 3672; x_wconf 85' lang='lat' dir='ltr'>sas;</span> <span class='ocrx_word' id='word_1_315' title='bbox 153 3625 232 3676; x_wconf 89' lang='lat' dir='ltr'>saepe</span> <span class='ocrx_word' id='word_1_316' title='bbox 257 3609 329 3662; x_wconf 89' lang='lat' dir='ltr'>enim</span> <span class='ocrx_word' id='word_1_317' title='bbox 351 3608 421 3662; x_wconf 88' lang='lat' dir='ltr'>hano</span> <span class='ocrx_word' id='word_1_318' title='bbox 445 3623 537 3668; x_wconf 84' lang='lat' dir='ltr'>vocem</span> <span class='ocrx_word' id='word_1_319' title='bbox 555 3609 584 3660; x_wconf 91' lang='lat' dir='ltr'>in</span> <span class='ocrx_word' id='word_1_320' title='bbox 602 3609 684 3662; x_wconf 91' lang='lat' dir='ltr'>initio</span> <span class='ocrx_word' id='word_1_321' title='bbox 703 3623 794 3661; x_wconf 86' lang='lat' dir='ltr'>versus</span> <span class='ocrx_word' id='word_1_322' title='bbox 812 3609 908 3674; x_wconf 84' lang='lat' dir='ltr'>poetae</span> <span class='ocrx_word' id='word_1_323' title='bbox 926 3607 1080 3674; x_wconf 88' lang='lat' dir='ltr'>posuerunt,</span> <span class='ocrx_word' id='word_1_324' title='bbox 1099 3603 1147 3657; x_wconf 93' lang='lat' dir='ltr'>ubi</span> <span class='ocrx_word' id='word_1_325' title='bbox 1165 3605 1241 3659; x_wconf 86' lang='lat' dir='ltr'>nulla</span> 
     </span>
     <span class='ocr_line' id='line_1_35' title="bbox 69 3692 1242 3765; baseline -0.003 -13"><span class='ocrx_word' id='word_1_326' title='bbox 69 3697 149 3752; x_wconf 91' lang='lat' dir='ltr'>modo</span> <span class='ocrx_word' id='word_1_327' title='bbox 167 3696 288 3750; x_wconf 81' lang='lat' dir='ltr'>breviore</span> <span class='ocrx_word' id='word_1_328' title='bbox 307 3695 393 3750; x_wconf 81' lang='lat' dir='ltr'>forma</span> <span class='ocrx_word' id='word_1_329' title='bbox 411 3698 454 3750; x_wconf 91' lang='lat' dir='ltr'>uti</span> <span class='ocrx_word' id='word_1_330' title='bbox 477 3700 636 3765; x_wconf 84' lang='lat' dir='ltr'>potuerunt;</span> <span class='ocrx_word' id='word_1_331' title='bbox 661 3698 698 3750; x_wconf 91' lang='lat' dir='ltr'>sic</span> <span class='ocrx_word' id='word_1_332' title='bbox 722 3697 805 3748; x_wconf 87' lang='grc'><strong>111111</strong></span> <span class='ocrx_word' id='word_1_333' title='bbox 824 3696 852 3748; x_wconf 88' lang='grc'>11</span> <span class='ocrx_word' id='word_1_334' title='bbox 871 3694 953 3748; x_wconf 90' lang='lat' dir='ltr'>libro.</span> <span class='ocrx_word' id='word_1_335' title='bbox 958 3695 1052 3763; x_wconf 90' lang='lat' dir='ltr'>primo,</span> <span class='ocrx_word' id='word_1_336' title='bbox 1071 3692 1159 3748; x_wconf 88' lang='lat' dir='ltr'>decies</span> <span class='ocrx_word' id='word_1_337' title='bbox 1177 3710 1242 3763; x_wconf 92' lang='lat' dir='ltr'>qua-</span> 
     </span>
     <span class='ocr_line' id='line_1_36' title="bbox 69 3783 1240 3856; baseline -0.007 -13"><span class='ocrx_word' id='word_1_338' title='bbox 69 3791 113 3844; x_wconf 86' lang='lat' dir='ltr'>ter</span> <span class='ocrx_word' id='word_1_339' title='bbox 131 3788 160 3840; x_wconf 94' lang='lat' dir='ltr'>in</span> <span class='ocrx_word' id='word_1_340' title='bbox 179 3785 302 3849; x_wconf 76' lang='lat' dir='ltr'>secundo,</span> <span class='ocrx_word' id='word_1_341' title='bbox 321 3788 364 3840; x_wconf 89' lang='lat' dir='ltr'>ter</span> <span class='ocrx_word' id='word_1_342' title='bbox 382 3787 411 3838; x_wconf 93' lang='lat' dir='ltr'>in</span> <span class='ocrx_word' id='word_1_343' title='bbox 431 3785 533 3839; x_wconf 93' lang='lat' dir='ltr'>Tibulli</span> <span class='ocrx_word' id='word_1_344' title='bbox 552 3787 643 3856; x_wconf 89' lang='lat' dir='ltr'>quarti</span> <span class='ocrx_word' id='word_1_345' title='bbox 661 3786 725 3840; x_wconf 91' lang='lat' dir='ltr'>libri</span> <span class='ocrx_word' id='word_1_346' title='bbox 744 3786 854 3853; x_wconf 88' lang='lat' dir='ltr'>elegiis,</span> <span class='ocrx_word' id='word_1_347' title='bbox 874 3786 956 3838; x_wconf 88' lang='lat' dir='ltr'>vicies</span> <span class='ocrx_word' id='word_1_348' title='bbox 974 3783 1045 3852; x_wconf 90' lang='lat' dir='ltr'>apud</span> <span class='ocrx_word' id='word_1_349' title='bbox 1063 3783 1240 3853; x_wconf 87' lang='lat' dir='ltr'>Lygdamum,</span> 
     </span>
     <span class='ocr_line' id='line_1_37' title="bbox 70 3871 1241 3946; baseline -0.005 -16"><span class='ocrx_word' id='word_1_350' title='bbox 70 3877 158 3930; x_wconf 90' lang='lat' dir='ltr'>decies</span> <span class='ocrx_word' id='word_1_351' title='bbox 181 3878 276 3946; x_wconf 88' lang='lat' dir='ltr'>quater</span> <span class='ocrx_word' id='word_1_352' title='bbox 294 3876 324 3928; x_wconf 94' lang='lat' dir='ltr'>in</span> <span class='ocrx_word' id='word_1_353' title='bbox 343 3875 421 3928; x_wconf 90' lang='lat' dir='ltr'>laude</span> <span class='ocrx_word' id='word_1_354' title='bbox 440 3875 582 3928; x_wconf 87' lang='lat' dir='ltr'>Messallae</span> <span class='ocrx_word' id='word_1_355' title='bbox 601 3891 692 3929; x_wconf 85' lang='lat' dir='ltr'>vocem</span> <span class='ocrx_word' id='word_1_356' title='bbox 717 3875 883 3940; x_wconf 87' lang='lat' dir='ltr'>invenimus;</span> <span class='ocrx_word' id='word_1_357' title='bbox 911 3890 989 3942; x_wconf 88' lang='lat' dir='ltr'>saepe</span> <span class='ocrx_word' id='word_1_358' title='bbox 1016 3874 1046 3926; x_wconf 93' lang='lat' dir='ltr'>in</span> <span class='ocrx_word' id='word_1_359' title='bbox 1064 3873 1127 3936; x_wconf 88' lang='lat' dir='ltr'>arsi,</span> <span class='ocrx_word' id='word_1_360' title='bbox 1145 3875 1177 3926; x_wconf 90' lang='lat' dir='ltr'>ut</span> <span class='ocrx_word' id='word_1_361' title='bbox 1196 3871 1241 3925; x_wconf 93' lang='lat' dir='ltr'>Ti·</span> 
     </span>
     <span class='ocr_line' id='line_1_38' title="bbox 69 3961 1241 4034; baseline -0.003 -15"><span class='ocrx_word' id='word_1_362' title='bbox 69 3965 160 4019; x_wconf 92' lang='lat' dir='ltr'>bullus</span> <span class='ocrx_word' id='word_1_363' title='bbox 179 3966 207 4018; x_wconf 94' lang='lat' dir='ltr'>in</span> <span class='ocrx_word' id='word_1_364' title='bbox 220 3966 306 4034; x_wconf 79' lang='lat' dir='ltr'>plimo</span> <span class='ocrx_word' id='word_1_365' title='bbox 318 3964 387 4017; x_wconf 91' lang='lat' dir='ltr'>libro</span> <span class='ocrx_word' id='word_1_366' title='bbox 407 3963 558 4034; x_wconf 90' lang='lat' dir='ltr'>quinquies,</span> <span class='ocrx_word' id='word_1_367' title='bbox 578 3963 732 4034; x_wconf 90' lang='lat' dir='ltr'>Lygdamus</span> <span class='ocrx_word' id='word_1_368' title='bbox 751 3965 859 4032; x_wconf 88' lang='lat' dir='ltr'>septies,</span> <span class='ocrx_word' id='word_1_369' title='bbox 879 3962 1004 4016; x_wconf 88' lang='lat' dir='ltr'>laudator</span> <span class='ocrx_word' id='word_1_370' title='bbox 1017 3961 1158 4016; x_wconf 74' lang='lat' dir='ltr'>Messallae</span> <span class='ocrx_word' id='word_1_371' title='bbox 1177 3979 1241 4031; x_wconf 91' lang='lat' dir='ltr'>qua·</span> 
     </span>
     <span class='ocr_line' id='line_1_39' title="bbox 69 4050 1241 4122; baseline -0.003 -14"><span class='ocrx_word' id='word_1_372' title='bbox 69 4058 120 4109; x_wconf 86' lang='lat' dir='ltr'>ter.</span> <span class='ocrx_word' id='word_1_373' title='bbox 140 4056 209 4108; x_wconf 89' lang='lat' dir='ltr'>Raro</span> <span class='ocrx_word' id='word_1_374' title='bbox 229 4058 321 4107; x_wconf 89' lang='lat' dir='ltr'>tamen</span> <span class='ocrx_word' id='word_1_375' title='bbox 340 4069 431 4106; x_wconf 86' lang='lat' dir='ltr'>vocem</span> <span class='ocrx_word' id='word_1_376' title='bbox 449 4055 513 4107; x_wconf 88' lang='lat' dir='ltr'>ante</span> <span class='ocrx_word' id='word_1_377' title='bbox 532 4053 635 4106; x_wconf 85' lang='lat' dir='ltr'>vocales</span> <span class='ocrx_word' id='word_1_378' title='bbox 653 4056 806 4122; x_wconf 90' lang='lat' dir='ltr'>posuerunt,</span> <span class='ocrx_word' id='word_1_379' title='bbox 826 4054 864 4106; x_wconf 93' lang='lat' dir='ltr'>sic</span> <span class='ocrx_word' id='word_1_380' title='bbox 878 4052 1002 4107; x_wconf 91' lang='lat' dir='ltr'>Tibullus</span> <span class='ocrx_word' id='word_1_381' title='bbox 1021 4052 1049 4104; x_wconf 91' lang='lat' dir='ltr'>in</span> <span class='ocrx_word' id='word_1_382' title='bbox 1068 4052 1153 4121; x_wconf 91' lang='lat' dir='ltr'>primo</span> <span class='ocrx_word' id='word_1_383' title='bbox 1172 4050 1241 4105; x_wconf 89' lang='lat' dir='ltr'>libro</span> 
     </span>
     <span class='ocr_line' id='line_1_40' title="bbox 70 4141 1240 4213; baseline -0.003 -16"><span class='ocrx_word' id='word_1_384' title='bbox 70 4145 178 4213; x_wconf 87' lang='lat' dir='ltr'>septies,</span> <span class='ocrx_word' id='word_1_385' title='bbox 198 4144 226 4196; x_wconf 94' lang='lat' dir='ltr'>in</span> <span class='ocrx_word' id='word_1_386' title='bbox 245 4142 358 4196; x_wconf 89' lang='lat' dir='ltr'>secundo</span> <span class='ocrx_word' id='word_1_387' title='bbox 377 4141 427 4205; x_wconf 91' lang='lat' dir='ltr'>bis,</span> <span class='ocrx_word' id='word_1_388' title='bbox 447 4141 601 4210; x_wconf 89' lang='lat' dir='ltr'>Lygdamus</span> <span class='ocrx_word' id='word_1_389' title='bbox 620 4159 813 4211; x_wconf 86' lang='lat' dir='ltr'>numquam,</span> <span class='ocrx_word' id='word_1_390' title='bbox 833 4141 958 4195; x_wconf 89' lang='lat' dir='ltr'>laudator</span> <span class='ocrx_word' id='word_1_391' title='bbox 976 4141 1118 4194; x_wconf 87' lang='lat' dir='ltr'>Messallae</span> <span class='ocrx_word' id='word_1_392' title='bbox 1137 4142 1240 4209; x_wconf 89' lang='lat' dir='ltr'>quater,</span> 
     </span>
     <span class='ocr_line' id='line_1_41' title="bbox 70 4227 1242 4302; baseline -0.007 -15"><span class='ocrx_word' id='word_1_393' title='bbox 70 4233 188 4302; x_wconf 86' lang='lat' dir='ltr'>Sulpicia</span> <span class='ocrx_word' id='word_1_394' title='bbox 207 4232 296 4287; x_wconf 91' lang='lat' dir='ltr'>semel.</span> <span class='ocrx_word' id='word_1_395' title='bbox 318 4231 445 4285; x_wconf 88' lang='lat' dir='ltr'>Videmus</span> <span class='ocrx_word' id='word_1_396' title='bbox 465 4231 551 4298; x_wconf 86' lang='lat' dir='ltr'>igitur</span> <span class='ocrx_word' id='word_1_397' title='bbox 568 4229 706 4284; x_wconf 89' lang='lat' dir='ltr'>Tibullum</span> <span class='ocrx_word' id='word_1_398' title='bbox 719 4230 895 4300; x_wconf 90' lang='lat' dir='ltr'>synaloephas</span> <span class='ocrx_word' id='word_1_399' title='bbox 913 4229 1000 4299; x_wconf 87' lang='lat' dir='ltr'>quoad</span> <span class='ocrx_word' id='word_1_400' title='bbox 1018 4229 1077 4282; x_wconf 90' lang='lat' dir='ltr'>fieri</span> <span class='ocrx_word' id='word_1_401' title='bbox 1095 4227 1184 4297; x_wconf 88' lang='lat' dir='ltr'>potuit</span> <span class='ocrx_word' id='word_1_402' title='bbox 1203 4227 1242 4280; x_wconf 86' lang='lat' dir='ltr'>vi·</span> 
     </span>
     <span class='ocr_line' id='line_1_42' title="bbox 70 4316 1241 4390; baseline -0.006 -14"><span class='ocrx_word' id='word_1_403' title='bbox 70 4326 150 4387; x_wconf 87' lang='lat' dir='ltr'>tasse,</span> <span class='ocrx_word' id='word_1_404' title='bbox 169 4323 258 4376; x_wconf 91' lang='lat' dir='ltr'>minus</span> <span class='ocrx_word' id='word_1_405' title='bbox 276 4337 338 4375; x_wconf 87' lang='lat' dir='ltr'>vcro</span> <span class='ocrx_word' id='word_1_406' title='bbox 356 4319 473 4374; x_wconf 84' lang='lat' dir='ltr'>feliciter</span> <span class='ocrx_word' id='word_1_407' title='bbox 492 4321 593 4374; x_wconf 85' lang='lat' dir='ltr'>vitasse</span> <span class='ocrx_word' id='word_1_408' title='bbox 612 4336 690 4390; x_wconf 89' lang='lat' dir='ltr'>quam</span> <span class='ocrx_word' id='word_1_409' title='bbox 709 4317 887 4389; x_wconf 87' lang='lat' dir='ltr'>Lygdamum.</span> <span class='ocrx_word' id='word_1_410' title='bbox 911 4317 951 4371; x_wconf 93' lang='lat' dir='ltr'>Ut</span> <span class='ocrx_word' id='word_1_411' title='bbox 974 4319 1028 4372; x_wconf 87' lang='lat' dir='ltr'>iam</span> <span class='ocrx_word' id='word_1_412' title='bbox 1048 4316 1112 4387; x_wconf 91' lang='lat' dir='ltr'>quid</span> <span class='ocrx_word' id='word_1_413' title='bbox 1130 4316 1241 4385; x_wconf 87' lang='lat' dir='ltr'>Proper·</span> 
     </span>
     <span class='ocr_line' id='line_1_43' title="bbox 69 4405 1317 4478; baseline -0.01 -12"><span class='ocrx_word' id='word_1_414' title='bbox 69 4413 126 4467; x_wconf 84' lang='lat' dir='ltr'>tius</span> <span class='ocrx_word' id='word_1_415' title='bbox 144 4411 194 4466; x_wconf 90' lang='lat' dir='ltr'>hac</span> <span class='ocrx_word' id='word_1_416' title='bbox 212 4410 245 4465; x_wconf 92' lang='lat' dir='ltr'>de</span> <span class='ocrx_word' id='word_1_417' title='bbox 263 4428 292 4465; x_wconf 88' lang='lat' dir='ltr'>re</span> <span class='ocrx_word' id='word_1_418' title='bbox 310 4411 413 4466; x_wconf 86' lang='lat' dir='ltr'>sentiat</span> <span class='ocrx_word' id='word_1_419' title='bbox 431 4407 577 4475; x_wconf 83' lang='lat' dir='ltr'>videamus,</span> <span class='ocrx_word' id='word_1_420' title='bbox 604 4411 720 4478; x_wconf 92' lang='lat' dir='ltr'>primum</span> <span class='ocrx_word' id='word_1_421' title='bbox 738 4406 924 4464; x_wconf 87' lang='lat' dir='ltr'>tantummodo</span> <span class='ocrx_word' id='word_1_422' title='bbox 943 4406 1042 4466; x_wconf 86' lang='lat' dir='ltr'>librum</span> <span class='ocrx_word' id='word_1_423' title='bbox 1060 4405 1240 4478; x_wconf 87' lang='lat' dir='ltr'>inspiciamus,</span> <span class='ocrx_word' id='word_1_424' title='bbox 1313 4445 1317 4454; x_wconf 90' lang='lat'>.</span> 
     </span>
    </p>
   </div>
   <div class='ocr_carea' id='block_1_8' title="bbox 0 0 1493 5056">
    <p class='ocr_par' dir='ltr' id='par_1_9' title="bbox 0 0 1493 5056">
     <span class='ocr_line' id='line_1_44' title="bbox 0 0 1493 5056; baseline 0 0"><span class='ocrx_word' id='word_1_425' title='bbox 0 0 1493 5056; x_wconf 95' lang='lat' dir='ltr'> </span> 
     </span>
    </p>
   </div>
  </div>
 </body>
</html>
