2970 5056
489 1617 871 1733 Praemittenda

205 2029 330 2083 Tibullus
349 2031 377 2082 81
394 2027 559 2096 Propertius,
579 2025 710 2098 quomodo
728 2029 758 2082 in
782 2045 810 2083 re
834 2029 947 2084 metrica
966 2029 1009 2082 val
1036 2028 1109 2082 inter
1131 2045 1159 2082 se
1178 2029 1269 2084 eodem

95 2118 174 2172 modo
192 2117 346 2187 procedant,
372 2117 415 2170 vel
433 2115 566 2170 diversam
585 2119 697 2171 teneant
717 2117 801 2182 viam;
828 2117 925 2172 deinde
944 2117 1041 2188 quibus
1068 2119 1098 2171 in
1126 2118 1270 2173 18118811-

95 2207 174 2272 bulli,
193 2207 236 2260 cui
254 2206 336 2274 vulgo
355 2208 484 2275 quattuor
502 2203 695 2259 adtribuuntur
713 2205 813 2270 libelli,
842 2207 915 2261 inter
941 2222 969 2260 se
988 2207 1175 2260 881181881188
1194 2208 1223 2260 18
1242 2224 1270 2262 18

96 2295 236 2359 differant,
264 2312 347 2365 quum
364 2295 500 2364 hucusque
519 2293 718 2348 consideratum
737 2295 860 2359 nonsit,
889 2296 930 2349 ita
953 2294 1030 2348 nobis
1049 2295 1270 2364 investigandum

94 2385 287 2455 proposuimus,
305 2387 338 2438 ut
357 2384 401 2437 vel
418 2384 539 2447 minima,
558 2399 626 2452 8888
644 2384 700 2437 sive
719 2383 753 2438 ab
772 2384 834 2438 aliis
853 2384 910 2438 sive
932 2401 948 2437 a
969 2383 1047 2438 nobis
1066 2385 1192 2438 alterutri
1211 2401 1271 2454 pro·

96 2475 155 2543 pria
173 2474 228 2527 iam
247 2474 304 2526 sint
322 2475 436 2541 reperta,
455 2471 529 2525 fideli
548 2471 724 2526 adnotatione
750 2471 835 2540 digna
860 2473 1112 2528 existimaverimus.
1155 2473 1213 2539 Qua
1241 2474 1271 2526 in

95 2579 133 2628 re,
161 2563 316 2632 priusquam
334 2578 390 2614 rem
408 2561 494 2630 ipsam
513 2559 711 2628 adgrediamur,
734 2559 884 2615 notandum
902 2561 1020 2626 videtur,
1048 2561 1082 2615 de
1109 2560 1271 2616 lectionibus

96 2649 195 2716 dubiis,
215 2651 306 2714 variis,
325 2649 409 2713 falsis,
438 2649 470 2702 de
489 2650 657 2714 coniecturis,
677 2649 809 2703 derectis
829 2652 1027 2705 sententiarum
1045 2649 1138 2704 formis
1157 2667 1173 2705 a
1192 2650 1270 2704 nobis

96 2755 149 2794 non
168 2739 282 2793 tractari
300 2739 354 2792 nisi
372 2741 481 2807 propter
499 2739 585 2807 ipsam
604 2739 683 2792 huius
702 2738 903 2793 dissertationis
927 2738 1045 2794 indolem
1069 2739 1104 2793 ad
1129 2756 1160 2794 ea
1178 2757 1271 2808 perve-

95 2829 222 2883 nerimus.
249 2827 283 2882 In
301 2828 358 2880 11118
377 2843 438 2881 vero
457 2827 522 2880 locis
540 2827 588 2881 ubi
605 2828 753 2896 pervarias
771 2828 901 2882 lectiones
920 2829 1086 2882 coniecturas
1105 2827 1272 2882 differentias

96 2934 138 2972 res
156 2918 268 2971 metrica
287 2915 420 2999 adficitur,
439 2916 553 2984 haspro
573 2915 676 2970 viribus
695 2919 759 2970 8818
779 2917 868 2970 888188
886 2917 1036 2984 legentium
1056 2916 1192 2986 ponendas
1211 2933 1271 2970 cen-

96 3007 206 3060 suimus.
224 3004 397 3058 Metricarum
415 3007 507 3058 autem
525 3005 687 3074 regularum,
709 3023 791 3075 quum
809 3006 879 3060 alias
898 3022 1001 3074 semper
1019 3005 1183 3074 optinentes,
1203 3005 1271 3059 alias

96 3111 143 3165 pro
162 3094 274 3148 diversis
292 3097 432 3163 poetarum
449 3093 568 3162 ingeniis
588 3093 702 3148 diversis
719 3093 805 3147 modis
824 3097 963 3162 cooptatus
975 3094 1135 3157 noverimus,
1157 3095 1271 3162 posteri·

96 3201 155 3238 ores
173 3184 243 3237 solas
261 3185 411 3237 accuratius
428 3183 602 3251 inspiciamus
621 3185 733 3251 oportet.
758 3181 831 3248 Quae
854 3183 1034 3252 quaestiones,
1055 3199 1136 3251 quum
1155 3181 1271 3235 hissera

97 3271 232 3342 capitibus
244 3273 431 3326 continentur:
450 3270 482 3325 de
495 3271 627 3340 positione
641 3273 705 3325 ante
717 3275 821 3324 mutam
834 3287 893 3324 cum
905 3269 1019 3340 liquida,
1038 3269 1071 3324 de
1090 3271 1272 3340 synaloephis,

97 3361 129 3416 de
157 3361 287 3425 caesuris,
315 3359 348 3414 de
376 3376 497 3414 versuum
516 3359 630 3425 finibus,
658 3359 690 3414 de
709 3363 767 3414 arte
786 3362 926 3429 poetarum
945 3357 1139 3412 informandis
1158 3357 1271 3426 pedibus

98 3453 202 3520 quarto,
221 3447 344 3514 secundo,
362 3449 456 3518 primo,
476 3447 508 3502 de
526 3449 612 3518 primo
630 3450 796 3518 pentametri
813 3447 887 3518 pede,
907 3446 939 3501 de
958 3447 1040 3515 longa
1059 3445 1103 3500 vel
1120 3446 1198 3500 brevi
1217 3447 1271 3516 syl·

97 3537 161 3593 laba
179 3538 293 3606 ancipiti
310 3542 345 3604 (e,
364 3537 382 3600 i,
401 3538 427 3603 o)
447 3536 479 3591 de
497 3537 584 3601 hiatu,
604 3535 710 3592 anobis
729 3539 770 3591 ita
783 3536 982 3600 tractabuntur,
1001 3539 1033 3589 ut
1047 3537 1184 3604 quattuor,
1205 3549 1272 3604 quas

97 3629 183 3697 primo
202 3627 259 3680 loco
277 3625 456 3694 adposuimus,
483 3641 674 3691 recenseamus,
694 3629 796 3680 ceteras
818 3624 853 3678 ad
872 3623 948 3678 aliud
966 3627 1072 3692 tempus
1090 3624 1270 3677 remittentes.

97 3716 195 3770 Melius
214 3718 305 3768 tamen
323 3717 355 3768 ut
373 3731 414 3768 res
433 3715 622 3783 perspiciatur,
650 3700 723 3768 inter
748 3713 851 3766 Tibulli
879 3713 997 3774 carmina
1024 3712 1110 3780 primo
1137 3711 1195 3764 loco
1222 3711 1272 3764 illa

98 3805 260 3869 afferremus,
288 3820 355 3874 8888
373 3821 402 3858 18
420 3819 484 3857 vera
502 3802 536 3856 ab
554 3803 603 3857 illo
621 3803 753 3871 originem
772 3802 913 3866 duxemnt,
941 3800 1054 3855 secundo
1079 3801 1136 3854 loco
1154 3816 1186 3854 ea
1204 3815 1272 3870 quae

98 3912 115 3950 a
133 3893 273 3964 Lygdamo
291 3893 437 3962 composita
456 3909 513 3946 8888
531 3891 666 3956 11888181,
684 3895 827 3961 postremo,
846 3891 894 3944 ubi
906 3890 1008 3944 occasio
1027 3905 1055 3943 88
1066 3887 1221 3957 praebuerit
1239 3887 1272 3942 de

98 3983 185 4053 prima
198 3981 263 4036 libri
276 3983 368 4052 quarti
380 3982 468 4050 elegia
490 3980 533 4051 (de
552 3980 631 4035 laude
649 3979 802 4050 Messallae)
821 3983 851 4034 ot
870 3979 902 4034 de
920 3979 1054 4049 Sulpiciae
1073 3978 1169 4046 elegiis
1187 3991 1272 4048 pauca

99 4071 270 4126 adnotantes.

208 4160 237 4214 Si
255 4176 317 4214 vero
335 4160 365 4213 in
383 4160 583 4214 enumeratione
600 4159 788 4227 exemplorum,
815 4155 885 4227 8881
904 4154 1011 4226 quidem
1031 4154 1118 4225 quoad
1136 4154 1191 4208 scio
1209 4171 1272 4208 nus·

101 4267 181 4321 quam
199 4248 307 4313 accidit,
325 4265 408 4303 unum
427 4249 576 4303 alterumve
594 4248 743 4316 exemplum
762 4247 850 4300 oculos
869 4247 975 4300 nostros
997 4243 1109 4313 fugarit,
1137 4259 1272 4312 speramus

101 4340 156 4394 fors
175 4343 207 4393 81
225 4338 269 4392 illi
288 4339 334 4408 881
352 4338 449 4407 legant
470 4340 499 4392 et
525 4336 639 4391 fortasse
665 4336 718 4406 ipsi
745 4335 847 4404 experti
869 4335 926 4388 sint
953 4348 1034 4404 quam
1061 4331 1141 4388 facile
1168 4330 1272 4401 digitus

101 4443 189 4484 errare
206 4428 302 4497 possit,
321 4428 428 4482 veniam
446 4425 525 4482 nobis
543 4425 659 4480 dandam
677 4441 734 4480 esse
752 4424 917 4479 existiment.

1014 4511 1059 4579 1*
