2970 5056
723 369 945 438 -62-

246 559 325 616 quem
343 544 424 600 finem
451 543 591 600 duodecies
619 545 690 616 apud
717 545 869 611 Tibullum,
897 547 997 616 septies
1025 546 1095 617 apud
1113 546 1286 617 Propertium,
1310 543 1367 599 bis
1401 545 1438 598 ιιι
1477 519 1478 642 l

247 633 326 690 laude
346 633 498 698 Messallae,
517 635 683 704 praeterea
675 652 704 688 m
722 635 772 689 hoc
789 634 913 706 Properti
934 651 1010 688 versu
1028 635 1194 689 invenimus:
1477 651 1478 656 ¹

353 721 435 776 Aut
428 739 457 776 m
476 739 564 776 amore
583 721 698 778 dolere
717 725 793 778 volo
812 727 872 779 aut
890 723 983 778 audire
1002 722 1146 778 dolentem.
1244 723 1288 788 lV,
1327 723 1358 786 7,
1383 722 1434 776 23.
1477 721 1478 792 l

355 811 379 865 2.
400 809 481 865 Fines
499 811 598 881 peioris
617 810 715 866 indolis
735 812 809 881 (quia
821 827 929 868 caesura
947 814 1009 882 post
1022 813 1135 867 tertium
1147 813 1298 866 trochaeum
1319 809 1435 878 abest),
1477 803 1478 872 l

246 915 312 972 quos
331 899 456 954 Tibullus
475 899 587 964 vitarit,
607 899 762 954 efficiuntur

291 988 319 1058 a)
355 987 464 1044 vocibus
488 989 686 1056 choriambicis,
712 993 744 1044 ut
762 991 792 1046 ιιι
809 991 859 1046 hoc
877 989 1026 1046 laudatoris
1043 990 1190 1062 'Messallae
1208 1006 1291 1056 versu,
1310 993 1434 1060 praeter
1477 989 1478 1060 l

248 1093 326 1148 quem
345 1077 449 1132 nullum
468 1077 594 1134 admisit:

355 1165 497 1236 Temperat
514 1169 591 1233 alter,
610 1170 639 1222 et
657 1169 803 1224 alterius
821 1169 892 1224 vires
910 1172 989 1224 necat
1007 1185 1060 1224 aar.
1361 1170 1431 1233 16&
1477 1179 1478 1238 l

247 1269 325 1326 quem
343 1255 423 1310 linem
441 1260 537 1326 quater
555 1257 625 1327 apud
642 1258 812 1327 Propertium
830 1259 959 1327 legimus:

352 1345 406 1399 llla
423 1346 571 1415 puellarum
590 1348 755 1415 ingenuos
774 1350 892 1417 corrupit
910 1348 1014 1403 ocellos.
1236 1348 1272 1414 II,
1309 1349 1338 1411 6,

353 1433 397 1488 Mc
416 1451 519 1505 quoque
537 1437 671 1490 consimili
689 1438 881 1506 inpositum
898 1438 1073 1508 torquerier
1065 1437 1133 1506 ugni.
1229 1437 1276 1502 IV,
1312 1436 1340 1501 5,

354 1522 421 1578 Cum
440 1525 508 1578 mihi
527 1540 635 1580 somnus
655 1525 688 1580 ab
707 1528 864 1596 exequiis
881 1526 1011 1596 penderet
1029 1527 1135 1582 amoris
1244 1527 1277 1592 V,
1314 1526 1341 1590 7,

353 1611 473 1682 Cynthia
491 1613 618 1684 gaudet
610 1631 639 1668 m
658 1616 797 1670 exuviis
815 1616 965 1685 victrixque
984 1617 1104 1670 recurrit.
1244 1615 1277 1682 V,
1314 1616 1342 1680 8,

292 1697 334 1772 b)
357 1702 466 1757 vocibus
484 1705 629 1768 molosseis,
648 1705 690 1760 bis
709 1707 837 1775 quattuor
855 1706 980 1775 Properti
997 1705 1131 1760 versibus:
1477 1705 1478 1798 l

354 1790 408 1845 Nec
426 1808 480 1846 non
498 1794 646 1848 exanimem
665 1795 880 1863 amplectens
900 1794 1000 1848 Briseis
1018 1794 1150 1848 Achillen.
1241 1794 1278 1859 H,
1315 1796 1342 1858 9,
1400 1796 1427 1849 9.
1477 1799 1478 1862 l

353 1880 409 1934 Nec
427 1882 465 1935 sic
484 1899 570 1936 errore
590 1886 708 1937 erecto
727 1883 846 1937 laetatus
865 1883 967 1939 Ulixes.
1224 1883 1276 1947 III,
1315 1885 1341 1948 6,
1399 1885 1424 1946 3,
1477 1907 1478 1946 ι

354 1970 598 2041 Pulverulentaque
617 1972 651 2025 ad
670 1976 834 2027 extremas
853 1976 910 2026 stat
927 1973 1028 2027 femina
1046 1976 1142 2027 metas.
1230 1973 1278 2034 IV.
1298 1974 1343 2037 13,
1401 1973 1424 2026 7.
1477 1989 1478 2000 ²

354 2059 424 2113 Dein
444 2077 638 2131 quemqumque
657 2062 742 2115 locum
761 2065 922 2117 externae
942 2064 1058 2130 tetigere
1076 2063 1189 2132 puellae.
1244 2062 1277 2127 V,
1316 2063 1343 2126 8,
1380 2061 1425 2115 83.
1477 2109 1478 2128 ,

292 2148 316 2216 c)
354 2148 462 2204 vocibus
481 2150 622 2220 epitritum
640 2151 755 2220 primum
774 2150 968 2208 efficientibus:

354 2238 384 2292 Si
402 2240 431 2292 ta
448 2237 504 2292 an
522 2239 750 2296 Dorozantum
768 2241 846 2294 iuvat
864 2256 945 2296 aurea
963 2240 1028 2309 ripa.
1245 2239 1278 2303 V,
1316 2239 1342 2304 5,
1381 2242 1425 2294 21.

354 2326 573 2398 Andromedeque
592 2331 620 2382 et
638 2329 882 2398 Hypermestre
901 2331 958 2383 siue
976 2327 1069 2383 fraude
1087 2328 1210 2382 maritae.
1262 2328 1296 2393 V,
1335 2329 1359 2392 7,
1380 2331 1422 2384 63.
1477 2313 1478 2346 ¹

355 2415 491 2486 Exempla,
511 2433 578 2486 quae
595 2418 659 2471 huic
677 2417 764 2472 ordini
781 2416 929 2472 adscribere
947 2433 1089 2486 possemus,
1109 2433 1124 2470 a
1142 2416 1277 2486 Lygdami
1296 2418 1422 2471 carmini·

249 2506 299 2563 bus
316 2506 424 2561 omnino
442 2507 542 2572 abesse,
561 2507 615 2560 iam
633 2507 707 2576 prius
726 2508 887 2562 notavimus.

249 2791 280 2848 B.
299 2791 345 2848 De
363 2789 495 2846 finibus
514 2790 670 2847 ordinum
688 2791 908 2846 metricorum
925 2809 982 2861 per
1000 2789 1329 2862 hephthemimerim
1348 2807 1419 2848 oum

391 2881 652 2952 penthemimeri
676 2881 796 2951 podica
824 2873 1040 2936 coniunitam
1068 2879 1276 2936 effectorum.

357 3043 380 3097 1.
400 3041 482 3095 Pauci
500 3044 529 3095 et
553 3039 729 3110 simplicitate
747 3041 895 3096 eminentes
919 3057 966 3110 pro
985 3040 1154 3110 regularibus
1172 3038 1333 3094 admittendi
1352 3044 1419 3096 sunt
1477 3051 1478 3088 1

249 3130 329 3186 fines:

294 3219 322 3287 a)
357 3219 413 3273 Nec
431 3219 500 3274 sinit
519 3221 639 3273 occurrat
657 3219 846 3288 quisquam,
866 3219 912 3290 qui
931 3234 1038 3288 corpora
1056 3217 1133 3274 ierro.
1477 3293 1478 3296 Ἴ

293 3310 320 3380 β)
357 3308 397 3363 Tu
415 3311 507 3362 tamen
529 3308 666 3363 abstineas
685 3308 778 3373 aliis,
797 3325 860 3362 nam
877 3311 966 3363 cetera
984 3311 1087 3373 carnea
1477 3297 1478 3384 l

250 3415 361 3470 quorum
379 3399 494 3470 primum
520 3398 644 3454 Tibullus
662 3397 753 3468 posuit
778 3396 938 3468 quadragies
957 3399 1046 3463 semel,
1065 3397 1220 3467 Lygdamus
1239 3398 1336 3467 quater,
1354 3396 1415 3451 lau·
1477 3405 1478 3450 l

249 3486 328 3542 dator
345 3487 486 3542 Messallae
504 3490 555 3552 ter,
573 3487 729 3556 Propertius
748 3486 908 3556 quadragies
931 3488 1030 3552 seriem
1055 3487 1169 3542 alterum
1196 3486 1316 3542 Tibullus
1331 3485 1414 3542 uicies
1477 3495 1478 3566 ζ

249 3576 299 3642 bis,
318 3576 472 3646 Lygdamus
491 3575 586 3640 semel,
611 3575 735 3630 laudator
761 3576 902 3630 Messallae
925 3576 1022 3638 series,
1045 3575 1201 3645 Propertius
1219 3575 1300 3632 vicies
1315 3576 1411 3640 novies,
1477 3569 1478 3596 ¹

248 3666 366 3738 Sulpicia
385 3666 474 3731 semel,
495 3665 592 3736 quibus
610 3664 730 3719 versibus
749 3664 917 3720 adnumerari
930 3665 1011 3720 debet
1028 3665 1152 3735 Properti
1168 3665 1216 3729 IV,
1235 3665 1261 3730 8,
1279 3663 1324 3718 43:
1477 3689 1478 3720 ι

355 3755 432 3810 Inter
450 3754 610 3810 Callimachi
628 3757 683 3808 sat
702 3754 770 3810 crit
788 3754 919 3822 placuisse
938 3754 1052 3810 libellos.
1477 3749 1478 3758 ¹

355 3847 380 3900 2.
399 3845 542 3898 Praeterea
572 3843 654 3898 semel
681 3842 752 3913 apud
781 3843 919 3898 Tibullum
939 3845 987 3914 (II,
1007 3847 1030 3910 1,
1051 3844 1104 3912 63),
1123 3843 1205 3900 semel
1223 3841 1292 3912 apud
1308 3841 1407 3910 Lygda-
1477 3867 1478 3870 ¹

248 3949 322 3990 mum
341 3935 377 4004 (2,
392 3936 426 4003 7),
446 3933 487 3988 bis
500 3932 571 4004 apud
584 3933 753 4004 Propertium
767 3933 829 4003 (III,
848 3935 891 3998 26,
912 3934 927 3988 7
933 3954 941 3999 ;
960 3933 1008 3998 IV,
1026 3933 1051 3999 4,
1071 3933 1116 4002 41)
1129 3931 1242 3986 formam
1254 3931 1404 3989 invenimus:
1477 3949 1478 3984 ;

355 4022 426 4076 Hinc
445 4026 473 4076 et
491 4022 621 4076 femineus
646 4023 744 4077 labor
769 4025 836 4088 est,
860 4023 923 4076 hine
941 4039 1024 4092 pensa
1049 4021 1186 4091 colusque;

249 4111 363 4183 denique
389 4111 460 4181 apud
477 4111 646 4180 Propertium
664 4112 791 4181 legimus:

355 4201 399 4257 Me
417 4201 492 4272 legat
511 4199 620 4256 adsidue
638 4205 714 4274 post
732 4202 814 4256 baec
832 4201 972 4270 neglectus
991 4202 1102 4255 ametor.
1251 4199 1274 4263 I,
1309 4199 1329 4263 7,
1361 4202 1399 4256 13.
1477 4191 1478 4194 ¹

354 4289 407 4346 Hic
424 4290 492 4345 mibi
510 4292 637 4362 perpetuo
655 4291 697 4345 ius
716 4293 765 4358 est,
786 4289 855 4361 quod
874 4289 945 4346 solus
963 4292 1076 4345 amator.
1222 4289 1275 4354 III,
1293 4289 1329 4354 13,
1359 4289 1398 4358 aa
